{
    "Top 20 Popular Items": [
        {
            "Location ID": "0abe0c6e-88b0-45a3-921c-bb9662eac0b8",
            "date": "2024-06-19",
            "data": {
                "Product name": "Impossible Vegetable Laba",
                "Quantity": 150.0
            }
        },
        {
            "Location ID": "0abe0c6e-88b0-45a3-921c-bb9662eac0b8",
            "date": "2024-02-26",
            "data": {
                "Product name": "Corn & Cheese Sandwich",
                "Quantity": 130.0
            }
        },
        {
            "Location ID": "0abe0c6e-88b0-45a3-921c-bb9662eac0b8",
            "date": "2023-11-28",
            "data": {
                "Product name": "Impossible Vegetable Laba",
                "Quantity": 121.0
            }
        },
        {
            "Location ID": "0abe0c6e-88b0-45a3-921c-bb9662eac0b8",
            "date": "2024-02-05",
            "data": {
                "Product name": "Impossible Vegetable Laba",
                "Quantity": 112.0
            }
        },
        {
            "Location ID": "0abe0c6e-88b0-45a3-921c-bb9662eac0b8",
            "date": "2023-12-01",
            "data": {
                "Product name": "Impossible Vegetable Laba",
                "Quantity": 108.0
            }
        },
        {
            "Location ID": "0abe0c6e-88b0-45a3-921c-bb9662eac0b8",
            "date": "2024-06-27",
            "data": {
                "Product name": "Impossible Dosai",
                "Quantity": 107.0
            }
        },
        {
            "Location ID": "0abe0c6e-88b0-45a3-921c-bb9662eac0b8",
            "date": "2023-11-27",
            "data": {
                "Product name": "Impossible Veg Fried Rice",
                "Quantity": 106.0
            }
        },
        {
            "Location ID": "0abe0c6e-88b0-45a3-921c-bb9662eac0b8",
            "date": "2023-11-27",
            "data": {
                "Product name": "Impossible Vegetable Laba",
                "Quantity": 95.0
            }
        },
        {
            "Location ID": "0abe0c6e-88b0-45a3-921c-bb9662eac0b8",
            "date": "2023-11-27",
            "data": {
                "Product name": "Impossible Schezwan Fried Rice",
                "Quantity": 94.0
            }
        },
        {
            "Location ID": "0abe0c6e-88b0-45a3-921c-bb9662eac0b8",
            "date": "2024-03-13",
            "data": {
                "Product name": "Corn & Cheese Sandwich",
                "Quantity": 90.0
            }
        },
        {
            "Location ID": "0abe0c6e-88b0-45a3-921c-bb9662eac0b8",
            "date": "2024-02-12",
            "data": {
                "Product name": "Corn\u00a0&\u00a0Cheese\u00a0Sandwich",
                "Quantity": 90.0
            }
        },
        {
            "Location ID": "0abe0c6e-88b0-45a3-921c-bb9662eac0b8",
            "date": "2024-04-15",
            "data": {
                "Product name": "Impossible Vegetable Laba",
                "Quantity": 77.0
            }
        },
        {
            "Location ID": "0abe0c6e-88b0-45a3-921c-bb9662eac0b8",
            "date": "2024-06-04",
            "data": {
                "Product name": "Impossible Vegetable Laba",
                "Quantity": 74.0
            }
        },
        {
            "Location ID": "0abe0c6e-88b0-45a3-921c-bb9662eac0b8",
            "date": "2024-07-08",
            "data": {
                "Product name": "Impossible Vegetable Laba",
                "Quantity": 72.0
            }
        },
        {
            "Location ID": "0abe0c6e-88b0-45a3-921c-bb9662eac0b8",
            "date": "2023-12-07",
            "data": {
                "Product name": "Impossible Vegetable Laba",
                "Quantity": 69.0
            }
        },
        {
            "Location ID": "0abe0c6e-88b0-45a3-921c-bb9662eac0b8",
            "date": "2024-04-05",
            "data": {
                "Product name": "Impossible Vegetable Laba",
                "Quantity": 63.0
            }
        },
        {
            "Location ID": "0abe0c6e-88b0-45a3-921c-bb9662eac0b8",
            "date": "2023-12-14",
            "data": {
                "Product name": "Impossible Vegetable Laba",
                "Quantity": 61.0
            }
        },
        {
            "Location ID": "0abe0c6e-88b0-45a3-921c-bb9662eac0b8",
            "date": "2024-02-15",
            "data": {
                "Product name": "Corn\u00a0&\u00a0Cheese\u00a0Sandwich",
                "Quantity": 60.0
            }
        },
        {
            "Location ID": "0abe0c6e-88b0-45a3-921c-bb9662eac0b8",
            "date": "2023-12-11",
            "data": {
                "Product name": "Impossible Vegetable Laba",
                "Quantity": 60.0
            }
        },
        {
            "Location ID": "0abe0c6e-88b0-45a3-921c-bb9662eac0b8",
            "date": "2023-12-11",
            "data": {
                "Product name": "Corn\u00a0&\u00a0Cheese\u00a0Sandwich",
                "Quantity": 59.0
            }
        }
    ],
    "Top 20 Revenue Making Products": [
        {
            "location_id": "0abe0c6e-88b0-45a3-921c-bb9662eac0b8",
            "order date": "2023-11-27",
            "data": {
                "Category": "Impossible",
                "ttl_sales": 4887.03
            }
        },
        {
            "location_id": "0abe0c6e-88b0-45a3-921c-bb9662eac0b8",
            "order date": "2023-12-01",
            "data": {
                "Category": "Impossible",
                "ttl_sales": 2299.57
            }
        },
        {
            "location_id": "0abe0c6e-88b0-45a3-921c-bb9662eac0b8",
            "order date": "2023-11-28",
            "data": {
                "Category": "Impossible",
                "ttl_sales": 2212.61
            }
        },
        {
            "location_id": "0abe0c6e-88b0-45a3-921c-bb9662eac0b8",
            "order date": "2024-02-05",
            "data": {
                "Category": "Impossible",
                "ttl_sales": 2126.25
            }
        },
        {
            "location_id": "0abe0c6e-88b0-45a3-921c-bb9662eac0b8",
            "order date": "2023-12-12",
            "data": {
                "Category": "Impossible",
                "ttl_sales": 1789.38
            }
        },
        {
            "location_id": "0abe0c6e-88b0-45a3-921c-bb9662eac0b8",
            "order date": "2024-06-27",
            "data": {
                "Category": "Impossible",
                "ttl_sales": 1756.42
            }
        },
        {
            "location_id": "0abe0c6e-88b0-45a3-921c-bb9662eac0b8",
            "order date": "2023-12-11",
            "data": {
                "Category": "Impossible",
                "ttl_sales": 1605.97
            }
        },
        {
            "location_id": "0abe0c6e-88b0-45a3-921c-bb9662eac0b8",
            "order date": "2023-12-07",
            "data": {
                "Category": "Impossible",
                "ttl_sales": 1570.02
            }
        },
        {
            "location_id": "0abe0c6e-88b0-45a3-921c-bb9662eac0b8",
            "order date": "2023-11-24",
            "data": {
                "Category": "Impossible",
                "ttl_sales": 1485.57
            }
        },
        {
            "location_id": "0abe0c6e-88b0-45a3-921c-bb9662eac0b8",
            "order date": "2024-06-19",
            "data": {
                "Category": "Impossible",
                "ttl_sales": 1320.17
            }
        },
        {
            "location_id": "0abe0c6e-88b0-45a3-921c-bb9662eac0b8",
            "order date": "2024-06-04",
            "data": {
                "Category": "Impossible",
                "ttl_sales": 1206.74
            }
        },
        {
            "location_id": "0abe0c6e-88b0-45a3-921c-bb9662eac0b8",
            "order date": "2024-07-08",
            "data": {
                "Category": "Impossible",
                "ttl_sales": 1175.77
            }
        },
        {
            "location_id": "0abe0c6e-88b0-45a3-921c-bb9662eac0b8",
            "order date": "2024-04-05",
            "data": {
                "Category": "Impossible",
                "ttl_sales": 1049.84
            }
        },
        {
            "location_id": "0abe0c6e-88b0-45a3-921c-bb9662eac0b8",
            "order date": "2024-04-15",
            "data": {
                "Category": "Impossible",
                "ttl_sales": 1015.88
            }
        },
        {
            "location_id": "0abe0c6e-88b0-45a3-921c-bb9662eac0b8",
            "order date": "2024-06-20",
            "data": {
                "Category": "Impossible",
                "ttl_sales": 951.39
            }
        },
        {
            "location_id": "0abe0c6e-88b0-45a3-921c-bb9662eac0b8",
            "order date": "2024-02-02",
            "data": {
                "Category": "Impossible",
                "ttl_sales": 901.42
            }
        },
        {
            "location_id": "0abe0c6e-88b0-45a3-921c-bb9662eac0b8",
            "order date": "2023-12-08",
            "data": {
                "Category": "Impossible",
                "ttl_sales": 882.44
            }
        },
        {
            "location_id": "0abe0c6e-88b0-45a3-921c-bb9662eac0b8",
            "order date": "2024-03-27",
            "data": {
                "Category": "Impossible",
                "ttl_sales": 876.45
            }
        },
        {
            "location_id": "0abe0c6e-88b0-45a3-921c-bb9662eac0b8",
            "order date": "2024-05-17",
            "data": {
                "Category": "Impossible",
                "ttl_sales": 864.44
            }
        },
        {
            "location_id": "0abe0c6e-88b0-45a3-921c-bb9662eac0b8",
            "order date": "2024-01-05",
            "data": {
                "Category": "Impossible",
                "ttl_sales": 847.97
            }
        }
    ],
    "Least 20 Popular Items": [
        {
            "Location ID": "0abe0c6e-88b0-45a3-921c-bb9662eac0b8",
            "date": "2024-01-02",
            "data": {
                "Product name": "Adai Aviyal",
                "Quantity": 0.0
            }
        },
        {
            "Location ID": "0abe0c6e-88b0-45a3-921c-bb9662eac0b8",
            "date": "2024-02-05",
            "data": {
                "Product name": "Aloo Bonda",
                "Quantity": 0.0
            }
        },
        {
            "Location ID": "0abe0c6e-88b0-45a3-921c-bb9662eac0b8",
            "date": "2023-12-01",
            "data": {
                "Product name": "Badam Katli",
                "Quantity": 0.0
            }
        },
        {
            "Location ID": "0abe0c6e-88b0-45a3-921c-bb9662eac0b8",
            "date": "2024-01-02",
            "data": {
                "Product name": "Ceylon Parotta",
                "Quantity": 0.0
            }
        },
        {
            "Location ID": "0abe0c6e-88b0-45a3-921c-bb9662eac0b8",
            "date": "2024-01-18",
            "data": {
                "Product name": "Chapati Kurma",
                "Quantity": 0.0
            }
        },
        {
            "Location ID": "0abe0c6e-88b0-45a3-921c-bb9662eac0b8",
            "date": "2024-01-02",
            "data": {
                "Product name": "Chole Bhature",
                "Quantity": 0.0
            }
        },
        {
            "Location ID": "0abe0c6e-88b0-45a3-921c-bb9662eac0b8",
            "date": "2024-01-12",
            "data": {
                "Product name": "Cocktail Sambar Idli",
                "Quantity": 0.0
            }
        },
        {
            "Location ID": "0abe0c6e-88b0-45a3-921c-bb9662eac0b8",
            "date": "2023-12-08",
            "data": {
                "Product name": "Dal Mixture",
                "Quantity": 0.0
            }
        },
        {
            "Location ID": "0abe0c6e-88b0-45a3-921c-bb9662eac0b8",
            "date": "2023-12-11",
            "data": {
                "Product name": "Green Tea",
                "Quantity": 0.0
            }
        },
        {
            "Location ID": "0abe0c6e-88b0-45a3-921c-bb9662eac0b8",
            "date": "2024-07-19",
            "data": {
                "Product name": "Impossible Dosai",
                "Quantity": 0.0
            }
        },
        {
            "Location ID": "0abe0c6e-88b0-45a3-921c-bb9662eac0b8",
            "date": "2024-07-18",
            "data": {
                "Product name": "Impossible Dosai",
                "Quantity": 0.0
            }
        },
        {
            "Location ID": "0abe0c6e-88b0-45a3-921c-bb9662eac0b8",
            "date": "2024-07-09",
            "data": {
                "Product name": "Impossible Dosai",
                "Quantity": 0.0
            }
        },
        {
            "Location ID": "0abe0c6e-88b0-45a3-921c-bb9662eac0b8",
            "date": "2024-04-29",
            "data": {
                "Product name": "Impossible Schezwan Fried Rice",
                "Quantity": 0.0
            }
        },
        {
            "Location ID": "0abe0c6e-88b0-45a3-921c-bb9662eac0b8",
            "date": "2024-01-02",
            "data": {
                "Product name": "Impossible Schezwan Fried Rice",
                "Quantity": 0.0
            }
        },
        {
            "Location ID": "0abe0c6e-88b0-45a3-921c-bb9662eac0b8",
            "date": "2024-01-02",
            "data": {
                "Product name": "Impossible Veg Fried Rice",
                "Quantity": 0.0
            }
        },
        {
            "Location ID": "0abe0c6e-88b0-45a3-921c-bb9662eac0b8",
            "date": "2024-02-04",
            "data": {
                "Product name": "Impossible Veg Fried Rice",
                "Quantity": 0.0
            }
        },
        {
            "Location ID": "0abe0c6e-88b0-45a3-921c-bb9662eac0b8",
            "date": "2024-04-22",
            "data": {
                "Product name": "Impossible Veg Kothu Parotta",
                "Quantity": 0.0
            }
        },
        {
            "Location ID": "0abe0c6e-88b0-45a3-921c-bb9662eac0b8",
            "date": "2023-11-27",
            "data": {
                "Product name": "Impossible Vegetable Omelette",
                "Quantity": 0.0
            }
        },
        {
            "Location ID": "0abe0c6e-88b0-45a3-921c-bb9662eac0b8",
            "date": "2024-02-04",
            "data": {
                "Product name": "Medhu Vadai",
                "Quantity": 0.0
            }
        },
        {
            "Location ID": "0abe0c6e-88b0-45a3-921c-bb9662eac0b8",
            "date": "2024-05-30",
            "data": {
                "Product name": "Medhu Vadai",
                "Quantity": 0.0
            }
        }
    ],
    "Top Categories": [
        {
            "Location ID": "0abe0c6e-88b0-45a3-921c-bb9662eac0b8",
            "date": "2023-11-27",
            "data": {
                "Category": "Impossible",
                "ttl_sales": 4887.03
            }
        },
        {
            "Location ID": "0abe0c6e-88b0-45a3-921c-bb9662eac0b8",
            "date": "2023-12-01",
            "data": {
                "Category": "Impossible",
                "ttl_sales": 2299.57
            }
        },
        {
            "Location ID": "0abe0c6e-88b0-45a3-921c-bb9662eac0b8",
            "date": "2023-11-28",
            "data": {
                "Category": "Impossible",
                "ttl_sales": 2212.61
            }
        },
        {
            "Location ID": "0abe0c6e-88b0-45a3-921c-bb9662eac0b8",
            "date": "2024-02-05",
            "data": {
                "Category": "Impossible",
                "ttl_sales": 2126.25
            }
        },
        {
            "Location ID": "0abe0c6e-88b0-45a3-921c-bb9662eac0b8",
            "date": "2023-12-12",
            "data": {
                "Category": "Impossible",
                "ttl_sales": 1789.38
            }
        },
        {
            "Location ID": "0abe0c6e-88b0-45a3-921c-bb9662eac0b8",
            "date": "2024-06-27",
            "data": {
                "Category": "Impossible",
                "ttl_sales": 1756.42
            }
        },
        {
            "Location ID": "0abe0c6e-88b0-45a3-921c-bb9662eac0b8",
            "date": "2023-12-11",
            "data": {
                "Category": "Impossible",
                "ttl_sales": 1605.97
            }
        },
        {
            "Location ID": "0abe0c6e-88b0-45a3-921c-bb9662eac0b8",
            "date": "2023-12-07",
            "data": {
                "Category": "Impossible",
                "ttl_sales": 1570.02
            }
        },
        {
            "Location ID": "0abe0c6e-88b0-45a3-921c-bb9662eac0b8",
            "date": "2023-11-24",
            "data": {
                "Category": "Impossible",
                "ttl_sales": 1485.57
            }
        },
        {
            "Location ID": "0abe0c6e-88b0-45a3-921c-bb9662eac0b8",
            "date": "2024-06-19",
            "data": {
                "Category": "Impossible",
                "ttl_sales": 1320.17
            }
        },
        {
            "Location ID": "0abe0c6e-88b0-45a3-921c-bb9662eac0b8",
            "date": "2024-06-04",
            "data": {
                "Category": "Impossible",
                "ttl_sales": 1206.74
            }
        },
        {
            "Location ID": "0abe0c6e-88b0-45a3-921c-bb9662eac0b8",
            "date": "2024-07-08",
            "data": {
                "Category": "Impossible",
                "ttl_sales": 1175.77
            }
        },
        {
            "Location ID": "0abe0c6e-88b0-45a3-921c-bb9662eac0b8",
            "date": "2024-04-05",
            "data": {
                "Category": "Impossible",
                "ttl_sales": 1049.84
            }
        },
        {
            "Location ID": "0abe0c6e-88b0-45a3-921c-bb9662eac0b8",
            "date": "2024-04-15",
            "data": {
                "Category": "Impossible",
                "ttl_sales": 1015.88
            }
        },
        {
            "Location ID": "0abe0c6e-88b0-45a3-921c-bb9662eac0b8",
            "date": "2024-06-20",
            "data": {
                "Category": "Impossible",
                "ttl_sales": 951.39
            }
        },
        {
            "Location ID": "0abe0c6e-88b0-45a3-921c-bb9662eac0b8",
            "date": "2024-02-02",
            "data": {
                "Category": "Impossible",
                "ttl_sales": 901.42
            }
        },
        {
            "Location ID": "0abe0c6e-88b0-45a3-921c-bb9662eac0b8",
            "date": "2023-12-08",
            "data": {
                "Category": "Impossible",
                "ttl_sales": 882.44
            }
        },
        {
            "Location ID": "0abe0c6e-88b0-45a3-921c-bb9662eac0b8",
            "date": "2024-03-27",
            "data": {
                "Category": "Impossible",
                "ttl_sales": 876.45
            }
        },
        {
            "Location ID": "0abe0c6e-88b0-45a3-921c-bb9662eac0b8",
            "date": "2024-05-17",
            "data": {
                "Category": "Impossible",
                "ttl_sales": 864.44
            }
        },
        {
            "Location ID": "0abe0c6e-88b0-45a3-921c-bb9662eac0b8",
            "date": "2024-01-05",
            "data": {
                "Category": "Impossible",
                "ttl_sales": 847.97
            }
        },
        {
            "Location ID": "0abe0c6e-88b0-45a3-921c-bb9662eac0b8",
            "date": "2023-12-02",
            "data": {
                "Category": "Impossible",
                "ttl_sales": 829.98
            }
        },
        {
            "Location ID": "0abe0c6e-88b0-45a3-921c-bb9662eac0b8",
            "date": "2024-01-12",
            "data": {
                "Category": "Impossible",
                "ttl_sales": 785.98
            }
        },
        {
            "Location ID": "0abe0c6e-88b0-45a3-921c-bb9662eac0b8",
            "date": "2024-06-14",
            "data": {
                "Category": "Impossible",
                "ttl_sales": 778.99
            }
        },
        {
            "Location ID": "0abe0c6e-88b0-45a3-921c-bb9662eac0b8",
            "date": "2023-12-14",
            "data": {
                "Category": "Impossible",
                "ttl_sales": 775.01
            }
        },
        {
            "Location ID": "0abe0c6e-88b0-45a3-921c-bb9662eac0b8",
            "date": "2024-01-04",
            "data": {
                "Category": "Impossible",
                "ttl_sales": 767.52
            }
        },
        {
            "Location ID": "0abe0c6e-88b0-45a3-921c-bb9662eac0b8",
            "date": "2024-01-30",
            "data": {
                "Category": "Impossible",
                "ttl_sales": 736.54
            }
        },
        {
            "Location ID": "0abe0c6e-88b0-45a3-921c-bb9662eac0b8",
            "date": "2024-07-10",
            "data": {
                "Category": "Impossible",
                "ttl_sales": 728.05
            }
        },
        {
            "Location ID": "0abe0c6e-88b0-45a3-921c-bb9662eac0b8",
            "date": "2024-02-15",
            "data": {
                "Category": "Impossible",
                "ttl_sales": 720.03
            }
        },
        {
            "Location ID": "0abe0c6e-88b0-45a3-921c-bb9662eac0b8",
            "date": "2024-01-31",
            "data": {
                "Category": "Impossible",
                "ttl_sales": 705.01
            }
        },
        {
            "Location ID": "0abe0c6e-88b0-45a3-921c-bb9662eac0b8",
            "date": "2023-12-05",
            "data": {
                "Category": "Impossible",
                "ttl_sales": 702.06
            }
        },
        {
            "Location ID": "0abe0c6e-88b0-45a3-921c-bb9662eac0b8",
            "date": "2024-01-02",
            "data": {
                "Category": "Impossible",
                "ttl_sales": 671.58
            }
        },
        {
            "Location ID": "0abe0c6e-88b0-45a3-921c-bb9662eac0b8",
            "date": "2024-01-03",
            "data": {
                "Category": "Impossible",
                "ttl_sales": 635.1
            }
        },
        {
            "Location ID": "0abe0c6e-88b0-45a3-921c-bb9662eac0b8",
            "date": "2024-04-09",
            "data": {
                "Category": "Impossible",
                "ttl_sales": 625.11
            }
        },
        {
            "Location ID": "0abe0c6e-88b0-45a3-921c-bb9662eac0b8",
            "date": "2024-01-17",
            "data": {
                "Category": "Impossible",
                "ttl_sales": 624.61
            }
        },
        {
            "Location ID": "0abe0c6e-88b0-45a3-921c-bb9662eac0b8",
            "date": "2024-01-16",
            "data": {
                "Category": "Impossible",
                "ttl_sales": 615.61
            }
        },
        {
            "Location ID": "0abe0c6e-88b0-45a3-921c-bb9662eac0b8",
            "date": "2023-12-18",
            "data": {
                "Category": "Impossible",
                "ttl_sales": 606.12
            }
        },
        {
            "Location ID": "0abe0c6e-88b0-45a3-921c-bb9662eac0b8",
            "date": "2024-05-28",
            "data": {
                "Category": "Impossible",
                "ttl_sales": 583.13
            }
        },
        {
            "Location ID": "0abe0c6e-88b0-45a3-921c-bb9662eac0b8",
            "date": "2024-01-09",
            "data": {
                "Category": "Impossible",
                "ttl_sales": 573.64
            }
        },
        {
            "Location ID": "0abe0c6e-88b0-45a3-921c-bb9662eac0b8",
            "date": "2024-02-01",
            "data": {
                "Category": "Impossible",
                "ttl_sales": 563.12
            }
        },
        {
            "Location ID": "0abe0c6e-88b0-45a3-921c-bb9662eac0b8",
            "date": "2024-01-10",
            "data": {
                "Category": "Impossible",
                "ttl_sales": 533.65
            }
        }
    ],
    "Revenue Classes": [
        {
            "Location ID": "0abe0c6e-88b0-45a3-921c-bb9662eac0b8",
            "date": "2023-11-27",
            "data": {
                "Revenue Class": "FOOD",
                "Items sold": 204.0,
                "Total Sales": 3396.8
            }
        },
        {
            "Location ID": "0abe0c6e-88b0-45a3-921c-bb9662eac0b8",
            "date": "2024-02-05",
            "data": {
                "Revenue Class": "GRIDDLE",
                "Items sold": 160.0,
                "Total Sales": 2614.62
            }
        },
        {
            "Location ID": "0abe0c6e-88b0-45a3-921c-bb9662eac0b8",
            "date": "2023-12-01",
            "data": {
                "Revenue Class": "GRIDDLE",
                "Items sold": 147.0,
                "Total Sales": 2165.56
            }
        },
        {
            "Location ID": "0abe0c6e-88b0-45a3-921c-bb9662eac0b8",
            "date": "2023-11-28",
            "data": {
                "Revenue Class": "GRIDDLE",
                "Items sold": 134.0,
                "Total Sales": 2109.66
            }
        },
        {
            "Location ID": "0abe0c6e-88b0-45a3-921c-bb9662eac0b8",
            "date": "2024-01-05",
            "data": {
                "Revenue Class": "GRIDDLE",
                "Items sold": 132.0,
                "Total Sales": 2022.68
            }
        },
        {
            "Location ID": "0abe0c6e-88b0-45a3-921c-bb9662eac0b8",
            "date": "2023-11-27",
            "data": {
                "Revenue Class": "GRIDDLE",
                "Items sold": 118.0,
                "Total Sales": 1877.82
            }
        },
        {
            "Location ID": "0abe0c6e-88b0-45a3-921c-bb9662eac0b8",
            "date": "2023-12-12",
            "data": {
                "Revenue Class": "GRIDDLE",
                "Items sold": 113.0,
                "Total Sales": 1805.37
            }
        },
        {
            "Location ID": "0abe0c6e-88b0-45a3-921c-bb9662eac0b8",
            "date": "2024-06-27",
            "data": {
                "Revenue Class": "GRIDDLE",
                "Items sold": 112.0,
                "Total Sales": 1655.41
            }
        },
        {
            "Location ID": "0abe0c6e-88b0-45a3-921c-bb9662eac0b8",
            "date": "2024-06-04",
            "data": {
                "Revenue Class": "GRIDDLE",
                "Items sold": 104.0,
                "Total Sales": 1601.42
            }
        },
        {
            "Location ID": "0abe0c6e-88b0-45a3-921c-bb9662eac0b8",
            "date": "2024-01-12",
            "data": {
                "Revenue Class": "GRIDDLE",
                "Items sold": 103.0,
                "Total Sales": 1516.35
            }
        },
        {
            "Location ID": "0abe0c6e-88b0-45a3-921c-bb9662eac0b8",
            "date": "2024-02-02",
            "data": {
                "Revenue Class": "GRIDDLE",
                "Items sold": 93.0,
                "Total Sales": 1453.56
            }
        },
        {
            "Location ID": "0abe0c6e-88b0-45a3-921c-bb9662eac0b8",
            "date": "2023-12-11",
            "data": {
                "Revenue Class": "GRIDDLE",
                "Items sold": 94.0,
                "Total Sales": 1426.07
            }
        },
        {
            "Location ID": "0abe0c6e-88b0-45a3-921c-bb9662eac0b8",
            "date": "2023-12-07",
            "data": {
                "Revenue Class": "GRIDDLE",
                "Items sold": 85.0,
                "Total Sales": 1352.15
            }
        },
        {
            "Location ID": "0abe0c6e-88b0-45a3-921c-bb9662eac0b8",
            "date": "2024-06-19",
            "data": {
                "Revenue Class": "GRIDDLE",
                "Items sold": 84.0,
                "Total Sales": 1335.66
            }
        },
        {
            "Location ID": "0abe0c6e-88b0-45a3-921c-bb9662eac0b8",
            "date": "2024-07-08",
            "data": {
                "Revenue Class": "GRIDDLE",
                "Items sold": 82.0,
                "Total Sales": 1278.18
            }
        },
        {
            "Location ID": "0abe0c6e-88b0-45a3-921c-bb9662eac0b8",
            "date": "2023-11-24",
            "data": {
                "Revenue Class": "GRIDDLE",
                "Items sold": 69.0,
                "Total Sales": 1086.27
            }
        },
        {
            "Location ID": "0abe0c6e-88b0-45a3-921c-bb9662eac0b8",
            "date": "2024-02-05",
            "data": {
                "Revenue Class": "FOOD",
                "Items sold": 75.0,
                "Total Sales": 1055.6
            }
        },
        {
            "Location ID": "0abe0c6e-88b0-45a3-921c-bb9662eac0b8",
            "date": "2023-12-21",
            "data": {
                "Revenue Class": "GRIDDLE",
                "Items sold": 66.0,
                "Total Sales": 1055.34
            }
        },
        {
            "Location ID": "0abe0c6e-88b0-45a3-921c-bb9662eac0b8",
            "date": "2024-01-03",
            "data": {
                "Revenue Class": "GRIDDLE",
                "Items sold": 68.0,
                "Total Sales": 1053.82
            }
        },
        {
            "Location ID": "0abe0c6e-88b0-45a3-921c-bb9662eac0b8",
            "date": "2024-04-05",
            "data": {
                "Revenue Class": "GRIDDLE",
                "Items sold": 66.0,
                "Total Sales": 1039.84
            }
        },
        {
            "Location ID": "0abe0c6e-88b0-45a3-921c-bb9662eac0b8",
            "date": "2024-04-15",
            "data": {
                "Revenue Class": "GRIDDLE",
                "Items sold": 64.0,
                "Total Sales": 1000.86
            }
        },
        {
            "Location ID": "0abe0c6e-88b0-45a3-921c-bb9662eac0b8",
            "date": "2024-06-20",
            "data": {
                "Revenue Class": "GRIDDLE",
                "Items sold": 63.0,
                "Total Sales": 972.37
            }
        },
        {
            "Location ID": "0abe0c6e-88b0-45a3-921c-bb9662eac0b8",
            "date": "2024-01-02",
            "data": {
                "Revenue Class": "GRIDDLE",
                "Items sold": 59.0,
                "Total Sales": 968.8
            }
        },
        {
            "Location ID": "0abe0c6e-88b0-45a3-921c-bb9662eac0b8",
            "date": "2023-12-20",
            "data": {
                "Revenue Class": "GRIDDLE",
                "Items sold": 59.0,
                "Total Sales": 940.41
            }
        },
        {
            "Location ID": "0abe0c6e-88b0-45a3-921c-bb9662eac0b8",
            "date": "2024-03-27",
            "data": {
                "Revenue Class": "GRIDDLE",
                "Items sold": 59.0,
                "Total Sales": 940.41
            }
        },
        {
            "Location ID": "0abe0c6e-88b0-45a3-921c-bb9662eac0b8",
            "date": "2024-06-14",
            "data": {
                "Revenue Class": "GRIDDLE",
                "Items sold": 61.0,
                "Total Sales": 938.39
            }
        },
        {
            "Location ID": "0abe0c6e-88b0-45a3-921c-bb9662eac0b8",
            "date": "2024-01-31",
            "data": {
                "Revenue Class": "GRIDDLE",
                "Items sold": 62.0,
                "Total Sales": 901.36
            }
        },
        {
            "Location ID": "0abe0c6e-88b0-45a3-921c-bb9662eac0b8",
            "date": "2024-01-04",
            "data": {
                "Revenue Class": "GRIDDLE",
                "Items sold": 55.0,
                "Total Sales": 879.45
            }
        },
        {
            "Location ID": "0abe0c6e-88b0-45a3-921c-bb9662eac0b8",
            "date": "2023-12-02",
            "data": {
                "Revenue Class": "GRIDDLE",
                "Items sold": 54.0,
                "Total Sales": 875.88
            }
        },
        {
            "Location ID": "0abe0c6e-88b0-45a3-921c-bb9662eac0b8",
            "date": "2024-05-17",
            "data": {
                "Revenue Class": "GRIDDLE",
                "Items sold": 56.0,
                "Total Sales": 864.44
            }
        },
        {
            "Location ID": "0abe0c6e-88b0-45a3-921c-bb9662eac0b8",
            "date": "2024-01-17",
            "data": {
                "Revenue Class": "GRIDDLE",
                "Items sold": 43.0,
                "Total Sales": 836.93
            }
        },
        {
            "Location ID": "0abe0c6e-88b0-45a3-921c-bb9662eac0b8",
            "date": "2023-12-14",
            "data": {
                "Revenue Class": "GRIDDLE",
                "Items sold": 51.0,
                "Total Sales": 806.99
            }
        },
        {
            "Location ID": "0abe0c6e-88b0-45a3-921c-bb9662eac0b8",
            "date": "2023-12-08",
            "data": {
                "Revenue Class": "GRIDDLE",
                "Items sold": 51.0,
                "Total Sales": 780.5
            }
        },
        {
            "Location ID": "0abe0c6e-88b0-45a3-921c-bb9662eac0b8",
            "date": "2024-01-01",
            "data": {
                "Revenue Class": "GRIDDLE",
                "Items sold": 51.0,
                "Total Sales": 773.99
            }
        },
        {
            "Location ID": "0abe0c6e-88b0-45a3-921c-bb9662eac0b8",
            "date": "2024-01-30",
            "data": {
                "Revenue Class": "GRIDDLE",
                "Items sold": 48.0,
                "Total Sales": 767.52
            }
        },
        {
            "Location ID": "0abe0c6e-88b0-45a3-921c-bb9662eac0b8",
            "date": "2023-11-28",
            "data": {
                "Revenue Class": "Pantry, PANTRY",
                "Items sold": 99.0,
                "Total Sales": 753.3
            }
        },
        {
            "Location ID": "0abe0c6e-88b0-45a3-921c-bb9662eac0b8",
            "date": "2024-04-09",
            "data": {
                "Revenue Class": "GRIDDLE",
                "Items sold": 48.0,
                "Total Sales": 737.95
            }
        },
        {
            "Location ID": "0abe0c6e-88b0-45a3-921c-bb9662eac0b8",
            "date": "2024-07-10",
            "data": {
                "Revenue Class": "GRIDDLE",
                "Items sold": 45.0,
                "Total Sales": 718.05
            }
        },
        {
            "Location ID": "0abe0c6e-88b0-45a3-921c-bb9662eac0b8",
            "date": "2023-12-05",
            "data": {
                "Revenue Class": "GRIDDLE",
                "Items sold": 44.0,
                "Total Sales": 702.06
            }
        },
        {
            "Location ID": "0abe0c6e-88b0-45a3-921c-bb9662eac0b8",
            "date": "2024-02-15",
            "data": {
                "Revenue Class": "GRIDDLE",
                "Items sold": 48.0,
                "Total Sales": 696.02
            }
        },
        {
            "Location ID": "0abe0c6e-88b0-45a3-921c-bb9662eac0b8",
            "date": "2023-11-27",
            "data": {
                "Revenue Class": "Pantry, PANTRY",
                "Items sold": 71.0,
                "Total Sales": 690.95
            }
        },
        {
            "Location ID": "0abe0c6e-88b0-45a3-921c-bb9662eac0b8",
            "date": "2024-01-12",
            "data": {
                "Revenue Class": "FOOD",
                "Items sold": 40.0,
                "Total Sales": 682.33
            }
        },
        {
            "Location ID": "0abe0c6e-88b0-45a3-921c-bb9662eac0b8",
            "date": "2024-01-17",
            "data": {
                "Revenue Class": "FOOD",
                "Items sold": 39.0,
                "Total Sales": 666.06
            }
        },
        {
            "Location ID": "0abe0c6e-88b0-45a3-921c-bb9662eac0b8",
            "date": "2024-01-10",
            "data": {
                "Revenue Class": "GRIDDLE",
                "Items sold": 41.0,
                "Total Sales": 623.09
            }
        },
        {
            "Location ID": "0abe0c6e-88b0-45a3-921c-bb9662eac0b8",
            "date": "2024-01-09",
            "data": {
                "Revenue Class": "GRIDDLE",
                "Items sold": 39.0,
                "Total Sales": 620.61
            }
        },
        {
            "Location ID": "0abe0c6e-88b0-45a3-921c-bb9662eac0b8",
            "date": "2024-05-28",
            "data": {
                "Revenue Class": "GRIDDLE",
                "Items sold": 40.0,
                "Total Sales": 613.6
            }
        },
        {
            "Location ID": "0abe0c6e-88b0-45a3-921c-bb9662eac0b8",
            "date": "2023-12-18",
            "data": {
                "Revenue Class": "GRIDDLE",
                "Items sold": 39.0,
                "Total Sales": 613.11
            }
        },
        {
            "Location ID": "0abe0c6e-88b0-45a3-921c-bb9662eac0b8",
            "date": "2024-01-16",
            "data": {
                "Revenue Class": "GRIDDLE",
                "Items sold": 39.0,
                "Total Sales": 610.11
            }
        },
        {
            "Location ID": "0abe0c6e-88b0-45a3-921c-bb9662eac0b8",
            "date": "2024-07-03",
            "data": {
                "Revenue Class": "GRIDDLE",
                "Items sold": 32.0,
                "Total Sales": 558.2
            }
        },
        {
            "Location ID": "0abe0c6e-88b0-45a3-921c-bb9662eac0b8",
            "date": "2024-06-03",
            "data": {
                "Revenue Class": "GRIDDLE",
                "Items sold": 35.0,
                "Total Sales": 542.65
            }
        },
        {
            "Location ID": "0abe0c6e-88b0-45a3-921c-bb9662eac0b8",
            "date": "2024-07-09",
            "data": {
                "Revenue Class": "GRIDDLE",
                "Items sold": 33.0,
                "Total Sales": 518.67
            }
        },
        {
            "Location ID": "0abe0c6e-88b0-45a3-921c-bb9662eac0b8",
            "date": "2023-12-04",
            "data": {
                "Revenue Class": "GRIDDLE",
                "Items sold": 32.0,
                "Total Sales": 511.68
            }
        },
        {
            "Location ID": "0abe0c6e-88b0-45a3-921c-bb9662eac0b8",
            "date": "2023-12-29",
            "data": {
                "Revenue Class": "GRIDDLE",
                "Items sold": 35.0,
                "Total Sales": 510.65
            }
        },
        {
            "Location ID": "0abe0c6e-88b0-45a3-921c-bb9662eac0b8",
            "date": "2024-05-31",
            "data": {
                "Revenue Class": "GRIDDLE",
                "Items sold": 31.0,
                "Total Sales": 494.19
            }
        },
        {
            "Location ID": "0abe0c6e-88b0-45a3-921c-bb9662eac0b8",
            "date": "2024-01-18",
            "data": {
                "Revenue Class": "GRIDDLE",
                "Items sold": 30.0,
                "Total Sales": 490.69
            }
        },
        {
            "Location ID": "0abe0c6e-88b0-45a3-921c-bb9662eac0b8",
            "date": "2023-12-01",
            "data": {
                "Revenue Class": "FOOD",
                "Items sold": 29.0,
                "Total Sales": 486.71
            }
        },
        {
            "Location ID": "0abe0c6e-88b0-45a3-921c-bb9662eac0b8",
            "date": "2024-02-01",
            "data": {
                "Revenue Class": "GRIDDLE",
                "Items sold": 31.0,
                "Total Sales": 468.17
            }
        },
        {
            "Location ID": "0abe0c6e-88b0-45a3-921c-bb9662eac0b8",
            "date": "2024-06-15",
            "data": {
                "Revenue Class": "GRIDDLE",
                "Items sold": 29.0,
                "Total Sales": 432.21
            }
        },
        {
            "Location ID": "0abe0c6e-88b0-45a3-921c-bb9662eac0b8",
            "date": "2024-05-21",
            "data": {
                "Revenue Class": "GRIDDLE",
                "Items sold": 27.0,
                "Total Sales": 428.73
            }
        },
        {
            "Location ID": "0abe0c6e-88b0-45a3-921c-bb9662eac0b8",
            "date": "2023-11-24",
            "data": {
                "Revenue Class": "FOOD",
                "Items sold": 25.0,
                "Total Sales": 412.25
            }
        },
        {
            "Location ID": "0abe0c6e-88b0-45a3-921c-bb9662eac0b8",
            "date": "2024-02-02",
            "data": {
                "Revenue Class": "FOOD",
                "Items sold": 23.0,
                "Total Sales": 408.27
            }
        },
        {
            "Location ID": "0abe0c6e-88b0-45a3-921c-bb9662eac0b8",
            "date": "2024-05-09",
            "data": {
                "Revenue Class": "GRIDDLE",
                "Items sold": 29.0,
                "Total Sales": 407.47
            }
        },
        {
            "Location ID": "0abe0c6e-88b0-45a3-921c-bb9662eac0b8",
            "date": "2024-01-10",
            "data": {
                "Revenue Class": "FOOD",
                "Items sold": 28.0,
                "Total Sales": 405.48
            }
        },
        {
            "Location ID": "0abe0c6e-88b0-45a3-921c-bb9662eac0b8",
            "date": "2024-04-26",
            "data": {
                "Revenue Class": "GRIDDLE",
                "Items sold": 15.0,
                "Total Sales": 390.71
            }
        },
        {
            "Location ID": "0abe0c6e-88b0-45a3-921c-bb9662eac0b8",
            "date": "2024-04-18",
            "data": {
                "Revenue Class": "GRIDDLE",
                "Items sold": 24.0,
                "Total Sales": 383.76
            }
        },
        {
            "Location ID": "0abe0c6e-88b0-45a3-921c-bb9662eac0b8",
            "date": "2024-04-16",
            "data": {
                "Revenue Class": "GRIDDLE",
                "Items sold": 23.0,
                "Total Sales": 367.77
            }
        },
        {
            "Location ID": "0abe0c6e-88b0-45a3-921c-bb9662eac0b8",
            "date": "2024-01-05",
            "data": {
                "Revenue Class": "FOOD",
                "Items sold": 34.0,
                "Total Sales": 363.54
            }
        },
        {
            "Location ID": "0abe0c6e-88b0-45a3-921c-bb9662eac0b8",
            "date": "2024-04-08",
            "data": {
                "Revenue Class": "GRIDDLE",
                "Items sold": 24.0,
                "Total Sales": 360.72
            }
        },
        {
            "Location ID": "0abe0c6e-88b0-45a3-921c-bb9662eac0b8",
            "date": "2023-11-22",
            "data": {
                "Revenue Class": "GRIDDLE",
                "Items sold": 25.0,
                "Total Sales": 357.75
            }
        },
        {
            "Location ID": "0abe0c6e-88b0-45a3-921c-bb9662eac0b8",
            "date": "2024-06-18",
            "data": {
                "Revenue Class": "GRIDDLE",
                "Items sold": 25.0,
                "Total Sales": 355.75
            }
        },
        {
            "Location ID": "0abe0c6e-88b0-45a3-921c-bb9662eac0b8",
            "date": "2024-04-02",
            "data": {
                "Revenue Class": "GRIDDLE",
                "Items sold": 17.0,
                "Total Sales": 344.78
            }
        },
        {
            "Location ID": "0abe0c6e-88b0-45a3-921c-bb9662eac0b8",
            "date": "2024-02-09",
            "data": {
                "Revenue Class": "GRIDDLE",
                "Items sold": 27.0,
                "Total Sales": 336.73
            }
        },
        {
            "Location ID": "0abe0c6e-88b0-45a3-921c-bb9662eac0b8",
            "date": "2024-02-12",
            "data": {
                "Revenue Class": "GRIDDLE",
                "Items sold": 21.0,
                "Total Sales": 335.79
            }
        },
        {
            "Location ID": "0abe0c6e-88b0-45a3-921c-bb9662eac0b8",
            "date": "2024-05-24",
            "data": {
                "Revenue Class": "GRIDDLE",
                "Items sold": 21.0,
                "Total Sales": 328.79
            }
        },
        {
            "Location ID": "0abe0c6e-88b0-45a3-921c-bb9662eac0b8",
            "date": "2024-06-12",
            "data": {
                "Revenue Class": "GRIDDLE",
                "Items sold": 22.0,
                "Total Sales": 322.28
            }
        },
        {
            "Location ID": "0abe0c6e-88b0-45a3-921c-bb9662eac0b8",
            "date": "2024-04-22",
            "data": {
                "Revenue Class": "GRIDDLE",
                "Items sold": 20.0,
                "Total Sales": 318.3
            }
        },
        {
            "Location ID": "0abe0c6e-88b0-45a3-921c-bb9662eac0b8",
            "date": "2024-01-25",
            "data": {
                "Revenue Class": "GRIDDLE",
                "Items sold": 24.0,
                "Total Sales": 306.76
            }
        },
        {
            "Location ID": "0abe0c6e-88b0-45a3-921c-bb9662eac0b8",
            "date": "2024-01-15",
            "data": {
                "Revenue Class": "GRIDDLE",
                "Items sold": 22.0,
                "Total Sales": 305.28
            }
        },
        {
            "Location ID": "0abe0c6e-88b0-45a3-921c-bb9662eac0b8",
            "date": "2023-12-11",
            "data": {
                "Revenue Class": "FOOD",
                "Items sold": 18.0,
                "Total Sales": 295.16
            }
        },
        {
            "Location ID": "0abe0c6e-88b0-45a3-921c-bb9662eac0b8",
            "date": "2024-03-28",
            "data": {
                "Revenue Class": "GRIDDLE",
                "Items sold": 18.0,
                "Total Sales": 287.82
            }
        },
        {
            "Location ID": "0abe0c6e-88b0-45a3-921c-bb9662eac0b8",
            "date": "2024-01-11",
            "data": {
                "Revenue Class": "GRIDDLE",
                "Items sold": 18.0,
                "Total Sales": 287.82
            }
        },
        {
            "Location ID": "0abe0c6e-88b0-45a3-921c-bb9662eac0b8",
            "date": "2024-06-25",
            "data": {
                "Revenue Class": "GRIDDLE",
                "Items sold": 20.0,
                "Total Sales": 284.3
            }
        },
        {
            "Location ID": "0abe0c6e-88b0-45a3-921c-bb9662eac0b8",
            "date": "2024-04-07",
            "data": {
                "Revenue Class": "GRIDDLE",
                "Items sold": 16.0,
                "Total Sales": 280.82
            }
        },
        {
            "Location ID": "0abe0c6e-88b0-45a3-921c-bb9662eac0b8",
            "date": "2024-01-08",
            "data": {
                "Revenue Class": "GRIDDLE",
                "Items sold": 18.0,
                "Total Sales": 274.32
            }
        },
        {
            "Location ID": "0abe0c6e-88b0-45a3-921c-bb9662eac0b8",
            "date": "2024-01-29",
            "data": {
                "Revenue Class": "GRIDDLE",
                "Items sold": 19.0,
                "Total Sales": 272.81
            }
        },
        {
            "Location ID": "0abe0c6e-88b0-45a3-921c-bb9662eac0b8",
            "date": "2024-02-09",
            "data": {
                "Revenue Class": "FOOD",
                "Items sold": 21.0,
                "Total Sales": 272.54
            }
        },
        {
            "Location ID": "0abe0c6e-88b0-45a3-921c-bb9662eac0b8",
            "date": "2023-11-28",
            "data": {
                "Revenue Class": "FOOD",
                "Items sold": 20.0,
                "Total Sales": 270.26
            }
        },
        {
            "Location ID": "0abe0c6e-88b0-45a3-921c-bb9662eac0b8",
            "date": "2024-05-30",
            "data": {
                "Revenue Class": "GRIDDLE",
                "Items sold": 17.0,
                "Total Sales": 262.83
            }
        },
        {
            "Location ID": "0abe0c6e-88b0-45a3-921c-bb9662eac0b8",
            "date": "2024-01-08",
            "data": {
                "Revenue Class": "FOOD",
                "Items sold": 17.0,
                "Total Sales": 260.63
            }
        },
        {
            "Location ID": "0abe0c6e-88b0-45a3-921c-bb9662eac0b8",
            "date": "2023-12-07",
            "data": {
                "Revenue Class": "FOOD",
                "Items sold": 18.0,
                "Total Sales": 260.32
            }
        },
        {
            "Location ID": "0abe0c6e-88b0-45a3-921c-bb9662eac0b8",
            "date": "2024-05-22",
            "data": {
                "Revenue Class": "GRIDDLE",
                "Items sold": 20.0,
                "Total Sales": 260.3
            }
        },
        {
            "Location ID": "0abe0c6e-88b0-45a3-921c-bb9662eac0b8",
            "date": "2024-07-18",
            "data": {
                "Revenue Class": "GRIDDLE",
                "Items sold": 16.0,
                "Total Sales": 255.84
            }
        },
        {
            "Location ID": "0abe0c6e-88b0-45a3-921c-bb9662eac0b8",
            "date": "2023-12-15",
            "data": {
                "Revenue Class": "GRIDDLE",
                "Items sold": 16.0,
                "Total Sales": 255.84
            }
        },
        {
            "Location ID": "0abe0c6e-88b0-45a3-921c-bb9662eac0b8",
            "date": "2024-07-05",
            "data": {
                "Revenue Class": "GRIDDLE",
                "Items sold": 16.0,
                "Total Sales": 255.84
            }
        },
        {
            "Location ID": "0abe0c6e-88b0-45a3-921c-bb9662eac0b8",
            "date": "2023-12-08",
            "data": {
                "Revenue Class": "Pantry, PANTRY",
                "Items sold": 48.0,
                "Total Sales": 254.01
            }
        },
        {
            "Location ID": "0abe0c6e-88b0-45a3-921c-bb9662eac0b8",
            "date": "2023-12-01",
            "data": {
                "Revenue Class": "Pantry, PANTRY",
                "Items sold": 34.0,
                "Total Sales": 251.53
            }
        },
        {
            "Location ID": "0abe0c6e-88b0-45a3-921c-bb9662eac0b8",
            "date": "2024-01-18",
            "data": {
                "Revenue Class": "FOOD",
                "Items sold": 15.0,
                "Total Sales": 248.3
            }
        },
        {
            "Location ID": "0abe0c6e-88b0-45a3-921c-bb9662eac0b8",
            "date": "2023-12-07",
            "data": {
                "Revenue Class": "Pantry, PANTRY",
                "Items sold": 46.0,
                "Total Sales": 245.57
            }
        },
        {
            "Location ID": "0abe0c6e-88b0-45a3-921c-bb9662eac0b8",
            "date": "2024-02-06",
            "data": {
                "Revenue Class": "GRIDDLE",
                "Items sold": 18.0,
                "Total Sales": 243.32
            }
        },
        {
            "Location ID": "0abe0c6e-88b0-45a3-921c-bb9662eac0b8",
            "date": "2024-06-05",
            "data": {
                "Revenue Class": "GRIDDLE",
                "Items sold": 15.0,
                "Total Sales": 239.85
            }
        },
        {
            "Location ID": "0abe0c6e-88b0-45a3-921c-bb9662eac0b8",
            "date": "2024-06-07",
            "data": {
                "Revenue Class": "GRIDDLE",
                "Items sold": 15.0,
                "Total Sales": 239.85
            }
        },
        {
            "Location ID": "0abe0c6e-88b0-45a3-921c-bb9662eac0b8",
            "date": "2024-01-31",
            "data": {
                "Revenue Class": "FOOD",
                "Items sold": 13.0,
                "Total Sales": 235.87
            }
        },
        {
            "Location ID": "0abe0c6e-88b0-45a3-921c-bb9662eac0b8",
            "date": "2023-11-23",
            "data": {
                "Revenue Class": "GRIDDLE",
                "Items sold": 15.0,
                "Total Sales": 232.85
            }
        },
        {
            "Location ID": "0abe0c6e-88b0-45a3-921c-bb9662eac0b8",
            "date": "2024-05-14",
            "data": {
                "Revenue Class": "GRIDDLE",
                "Items sold": 15.0,
                "Total Sales": 231.35
            }
        },
        {
            "Location ID": "0abe0c6e-88b0-45a3-921c-bb9662eac0b8",
            "date": "2024-05-13",
            "data": {
                "Revenue Class": "GRIDDLE",
                "Items sold": 15.0,
                "Total Sales": 229.35
            }
        },
        {
            "Location ID": "0abe0c6e-88b0-45a3-921c-bb9662eac0b8",
            "date": "2024-02-14",
            "data": {
                "Revenue Class": "GRIDDLE",
                "Items sold": 14.0,
                "Total Sales": 223.86
            }
        },
        {
            "Location ID": "0abe0c6e-88b0-45a3-921c-bb9662eac0b8",
            "date": "2024-01-05",
            "data": {
                "Revenue Class": "Chinese, FOOD",
                "Items sold": 16.0,
                "Total Sales": 223.14
            }
        },
        {
            "Location ID": "0abe0c6e-88b0-45a3-921c-bb9662eac0b8",
            "date": "2024-01-10",
            "data": {
                "Revenue Class": "Chinese, FOOD",
                "Items sold": 12.0,
                "Total Sales": 221.72
            }
        },
        {
            "Location ID": "0abe0c6e-88b0-45a3-921c-bb9662eac0b8",
            "date": "2024-05-16",
            "data": {
                "Revenue Class": "GRIDDLE",
                "Items sold": 14.0,
                "Total Sales": 216.86
            }
        },
        {
            "Location ID": "0abe0c6e-88b0-45a3-921c-bb9662eac0b8",
            "date": "2023-11-21",
            "data": {
                "Revenue Class": "GRIDDLE",
                "Items sold": 14.0,
                "Total Sales": 215.36
            }
        },
        {
            "Location ID": "0abe0c6e-88b0-45a3-921c-bb9662eac0b8",
            "date": "2024-03-12",
            "data": {
                "Revenue Class": "GRIDDLE",
                "Items sold": 13.0,
                "Total Sales": 207.87
            }
        },
        {
            "Location ID": "0abe0c6e-88b0-45a3-921c-bb9662eac0b8",
            "date": "2024-07-19",
            "data": {
                "Revenue Class": "GRIDDLE",
                "Items sold": 6.0,
                "Total Sales": 206.99
            }
        },
        {
            "Location ID": "0abe0c6e-88b0-45a3-921c-bb9662eac0b8",
            "date": "2024-01-16",
            "data": {
                "Revenue Class": "FOOD",
                "Items sold": 12.0,
                "Total Sales": 202.38
            }
        },
        {
            "Location ID": "0abe0c6e-88b0-45a3-921c-bb9662eac0b8",
            "date": "2023-12-11",
            "data": {
                "Revenue Class": "Pantry, PANTRY",
                "Items sold": 31.0,
                "Total Sales": 201.6
            }
        },
        {
            "Location ID": "0abe0c6e-88b0-45a3-921c-bb9662eac0b8",
            "date": "2023-12-12",
            "data": {
                "Revenue Class": "Pantry, PANTRY",
                "Items sold": 39.0,
                "Total Sales": 181.0
            }
        },
        {
            "Location ID": "0abe0c6e-88b0-45a3-921c-bb9662eac0b8",
            "date": "2024-05-06",
            "data": {
                "Revenue Class": "GRIDDLE",
                "Items sold": 13.0,
                "Total Sales": 178.37
            }
        },
        {
            "Location ID": "0abe0c6e-88b0-45a3-921c-bb9662eac0b8",
            "date": "2024-06-04",
            "data": {
                "Revenue Class": "FOOD",
                "Items sold": 14.0,
                "Total Sales": 178.31
            }
        },
        {
            "Location ID": "0abe0c6e-88b0-45a3-921c-bb9662eac0b8",
            "date": "2024-03-06",
            "data": {
                "Revenue Class": "GRIDDLE",
                "Items sold": 11.0,
                "Total Sales": 175.89
            }
        },
        {
            "Location ID": "0abe0c6e-88b0-45a3-921c-bb9662eac0b8",
            "date": "2024-03-11",
            "data": {
                "Revenue Class": "GRIDDLE",
                "Items sold": 11.0,
                "Total Sales": 175.89
            }
        },
        {
            "Location ID": "0abe0c6e-88b0-45a3-921c-bb9662eac0b8",
            "date": "2024-01-03",
            "data": {
                "Revenue Class": "FOOD",
                "Items sold": 11.0,
                "Total Sales": 175.77
            }
        },
        {
            "Location ID": "0abe0c6e-88b0-45a3-921c-bb9662eac0b8",
            "date": "2024-01-23",
            "data": {
                "Revenue Class": "GRIDDLE",
                "Items sold": 11.0,
                "Total Sales": 174.39
            }
        },
        {
            "Location ID": "0abe0c6e-88b0-45a3-921c-bb9662eac0b8",
            "date": "2023-11-29",
            "data": {
                "Revenue Class": "FOOD",
                "Items sold": 11.0,
                "Total Sales": 173.89
            }
        },
        {
            "Location ID": "0abe0c6e-88b0-45a3-921c-bb9662eac0b8",
            "date": "2024-04-15",
            "data": {
                "Revenue Class": "A La Carte, FOOD",
                "Items sold": 13.0,
                "Total Sales": 168.35
            }
        },
        {
            "Location ID": "0abe0c6e-88b0-45a3-921c-bb9662eac0b8",
            "date": "2023-11-30",
            "data": {
                "Revenue Class": "Pantry",
                "Items sold": 8.0,
                "Total Sales": 167.75
            }
        },
        {
            "Location ID": "0abe0c6e-88b0-45a3-921c-bb9662eac0b8",
            "date": "2024-06-24",
            "data": {
                "Revenue Class": "GRIDDLE",
                "Items sold": 12.0,
                "Total Sales": 161.88
            }
        },
        {
            "Location ID": "0abe0c6e-88b0-45a3-921c-bb9662eac0b8",
            "date": "2024-06-26",
            "data": {
                "Revenue Class": "GRIDDLE",
                "Items sold": 10.0,
                "Total Sales": 159.9
            }
        },
        {
            "Location ID": "0abe0c6e-88b0-45a3-921c-bb9662eac0b8",
            "date": "2023-12-16",
            "data": {
                "Revenue Class": "GRIDDLE",
                "Items sold": 10.0,
                "Total Sales": 153.9
            }
        },
        {
            "Location ID": "0abe0c6e-88b0-45a3-921c-bb9662eac0b8",
            "date": "2023-12-08",
            "data": {
                "Revenue Class": "FOOD",
                "Items sold": 9.0,
                "Total Sales": 151.91
            }
        },
        {
            "Location ID": "0abe0c6e-88b0-45a3-921c-bb9662eac0b8",
            "date": "2024-06-27",
            "data": {
                "Revenue Class": "FOOD",
                "Items sold": 14.0,
                "Total Sales": 147.97
            }
        },
        {
            "Location ID": "0abe0c6e-88b0-45a3-921c-bb9662eac0b8",
            "date": "2023-11-29",
            "data": {
                "Revenue Class": "Pantry",
                "Items sold": 22.0,
                "Total Sales": 146.5
            }
        },
        {
            "Location ID": "0abe0c6e-88b0-45a3-921c-bb9662eac0b8",
            "date": "2023-12-06",
            "data": {
                "Revenue Class": "GRIDDLE",
                "Items sold": 10.0,
                "Total Sales": 145.9
            }
        },
        {
            "Location ID": "0abe0c6e-88b0-45a3-921c-bb9662eac0b8",
            "date": "2024-01-07",
            "data": {
                "Revenue Class": "GRIDDLE",
                "Items sold": 11.0,
                "Total Sales": 144.89
            }
        },
        {
            "Location ID": "0abe0c6e-88b0-45a3-921c-bb9662eac0b8",
            "date": "2024-03-13",
            "data": {
                "Revenue Class": "GRIDDLE",
                "Items sold": 9.0,
                "Total Sales": 143.91
            }
        },
        {
            "Location ID": "0abe0c6e-88b0-45a3-921c-bb9662eac0b8",
            "date": "2024-04-26",
            "data": {
                "Revenue Class": "FOOD",
                "Items sold": 18.0,
                "Total Sales": 142.34
            }
        },
        {
            "Location ID": "0abe0c6e-88b0-45a3-921c-bb9662eac0b8",
            "date": "2024-03-07",
            "data": {
                "Revenue Class": "GRIDDLE",
                "Items sold": 10.0,
                "Total Sales": 141.9
            }
        },
        {
            "Location ID": "0abe0c6e-88b0-45a3-921c-bb9662eac0b8",
            "date": "2023-12-29",
            "data": {
                "Revenue Class": "FOOD",
                "Items sold": 10.0,
                "Total Sales": 135.36
            }
        },
        {
            "Location ID": "0abe0c6e-88b0-45a3-921c-bb9662eac0b8",
            "date": "2024-01-01",
            "data": {
                "Revenue Class": "FOOD",
                "Items sold": 11.0,
                "Total Sales": 134.61
            }
        },
        {
            "Location ID": "0abe0c6e-88b0-45a3-921c-bb9662eac0b8",
            "date": "2023-12-28",
            "data": {
                "Revenue Class": "FOOD",
                "Items sold": 9.0,
                "Total Sales": 133.37
            }
        },
        {
            "Location ID": "0abe0c6e-88b0-45a3-921c-bb9662eac0b8",
            "date": "2023-11-29",
            "data": {
                "Revenue Class": "GRIDDLE",
                "Items sold": 8.0,
                "Total Sales": 127.92
            }
        },
        {
            "Location ID": "0abe0c6e-88b0-45a3-921c-bb9662eac0b8",
            "date": "2024-05-29",
            "data": {
                "Revenue Class": "GRIDDLE",
                "Items sold": 8.0,
                "Total Sales": 127.92
            }
        },
        {
            "Location ID": "0abe0c6e-88b0-45a3-921c-bb9662eac0b8",
            "date": "2023-11-23",
            "data": {
                "Revenue Class": "Pantry, PANTRY",
                "Items sold": 10.0,
                "Total Sales": 125.0
            }
        },
        {
            "Location ID": "0abe0c6e-88b0-45a3-921c-bb9662eac0b8",
            "date": "2024-02-01",
            "data": {
                "Revenue Class": "FOOD",
                "Items sold": 8.0,
                "Total Sales": 119.92
            }
        },
        {
            "Location ID": "0abe0c6e-88b0-45a3-921c-bb9662eac0b8",
            "date": "2024-06-10",
            "data": {
                "Revenue Class": "GRIDDLE",
                "Items sold": 7.0,
                "Total Sales": 111.93
            }
        },
        {
            "Location ID": "0abe0c6e-88b0-45a3-921c-bb9662eac0b8",
            "date": "2024-05-23",
            "data": {
                "Revenue Class": "GRIDDLE",
                "Items sold": 7.0,
                "Total Sales": 108.93
            }
        },
        {
            "Location ID": "0abe0c6e-88b0-45a3-921c-bb9662eac0b8",
            "date": "2024-04-15",
            "data": {
                "Revenue Class": "FOOD",
                "Items sold": 11.0,
                "Total Sales": 108.45
            }
        },
        {
            "Location ID": "0abe0c6e-88b0-45a3-921c-bb9662eac0b8",
            "date": "2023-12-08",
            "data": {
                "Revenue Class": "Sweets & Snacks",
                "Items sold": 6.0,
                "Total Sales": 107.76
            }
        },
        {
            "Location ID": "0abe0c6e-88b0-45a3-921c-bb9662eac0b8",
            "date": "2023-11-24",
            "data": {
                "Revenue Class": "Pantry, PANTRY",
                "Items sold": 19.0,
                "Total Sales": 107.75
            }
        },
        {
            "Location ID": "0abe0c6e-88b0-45a3-921c-bb9662eac0b8",
            "date": "2024-02-05",
            "data": {
                "Revenue Class": "Pantry, PANTRY",
                "Items sold": 9.0,
                "Total Sales": 105.93
            }
        },
        {
            "Location ID": "0abe0c6e-88b0-45a3-921c-bb9662eac0b8",
            "date": "2024-07-01",
            "data": {
                "Revenue Class": "GRIDDLE",
                "Items sold": 5.0,
                "Total Sales": 103.96
            }
        },
        {
            "Location ID": "0abe0c6e-88b0-45a3-921c-bb9662eac0b8",
            "date": "2024-05-07",
            "data": {
                "Revenue Class": "GRIDDLE",
                "Items sold": 10.0,
                "Total Sales": 103.9
            }
        },
        {
            "Location ID": "0abe0c6e-88b0-45a3-921c-bb9662eac0b8",
            "date": "2024-01-12",
            "data": {
                "Revenue Class": "GRIDDLE, South Indian",
                "Items sold": 9.0,
                "Total Sales": 103.41
            }
        },
        {
            "Location ID": "0abe0c6e-88b0-45a3-921c-bb9662eac0b8",
            "date": "2024-01-29",
            "data": {
                "Revenue Class": "FOOD",
                "Items sold": 6.0,
                "Total Sales": 101.94
            }
        },
        {
            "Location ID": "0abe0c6e-88b0-45a3-921c-bb9662eac0b8",
            "date": "2024-04-29",
            "data": {
                "Revenue Class": "GRIDDLE",
                "Items sold": 7.0,
                "Total Sales": 96.43
            }
        },
        {
            "Location ID": "0abe0c6e-88b0-45a3-921c-bb9662eac0b8",
            "date": "2024-06-27",
            "data": {
                "Revenue Class": "Pantry, PANTRY",
                "Items sold": 16.0,
                "Total Sales": 95.08
            }
        },
        {
            "Location ID": "0abe0c6e-88b0-45a3-921c-bb9662eac0b8",
            "date": "2024-01-12",
            "data": {
                "Revenue Class": "Pantry, PANTRY",
                "Items sold": 8.0,
                "Total Sales": 91.92
            }
        },
        {
            "Location ID": "0abe0c6e-88b0-45a3-921c-bb9662eac0b8",
            "date": "2024-01-31",
            "data": {
                "Revenue Class": "Pantry, PANTRY",
                "Items sold": 9.0,
                "Total Sales": 90.95
            }
        },
        {
            "Location ID": "0abe0c6e-88b0-45a3-921c-bb9662eac0b8",
            "date": "2024-01-02",
            "data": {
                "Revenue Class": "FOOD",
                "Items sold": 4.0,
                "Total Sales": 89.88
            }
        },
        {
            "Location ID": "0abe0c6e-88b0-45a3-921c-bb9662eac0b8",
            "date": "2024-01-05",
            "data": {
                "Revenue Class": "Pantry, PANTRY",
                "Items sold": 15.0,
                "Total Sales": 88.69
            }
        },
        {
            "Location ID": "0abe0c6e-88b0-45a3-921c-bb9662eac0b8",
            "date": "2024-02-01",
            "data": {
                "Revenue Class": "Pantry, PANTRY",
                "Items sold": 8.0,
                "Total Sales": 86.99
            }
        },
        {
            "Location ID": "0abe0c6e-88b0-45a3-921c-bb9662eac0b8",
            "date": "2024-05-22",
            "data": {
                "Revenue Class": "Pantry, PANTRY",
                "Items sold": 5.0,
                "Total Sales": 84.95
            }
        },
        {
            "Location ID": "0abe0c6e-88b0-45a3-921c-bb9662eac0b8",
            "date": "2024-02-02",
            "data": {
                "Revenue Class": "Chinese, FOOD",
                "Items sold": 7.0,
                "Total Sales": 82.43
            }
        },
        {
            "Location ID": "0abe0c6e-88b0-45a3-921c-bb9662eac0b8",
            "date": "2023-12-13",
            "data": {
                "Revenue Class": "GRIDDLE",
                "Items sold": 5.0,
                "Total Sales": 79.95
            }
        },
        {
            "Location ID": "0abe0c6e-88b0-45a3-921c-bb9662eac0b8",
            "date": "2023-12-26",
            "data": {
                "Revenue Class": "GRIDDLE",
                "Items sold": 5.0,
                "Total Sales": 79.95
            }
        },
        {
            "Location ID": "0abe0c6e-88b0-45a3-921c-bb9662eac0b8",
            "date": "2024-05-03",
            "data": {
                "Revenue Class": "GRIDDLE",
                "Items sold": 5.0,
                "Total Sales": 79.95
            }
        },
        {
            "Location ID": "0abe0c6e-88b0-45a3-921c-bb9662eac0b8",
            "date": "2023-12-28",
            "data": {
                "Revenue Class": "GRIDDLE",
                "Items sold": 7.0,
                "Total Sales": 79.43
            }
        },
        {
            "Location ID": "0abe0c6e-88b0-45a3-921c-bb9662eac0b8",
            "date": "2024-06-20",
            "data": {
                "Revenue Class": "Pantry, PANTRY",
                "Items sold": 9.0,
                "Total Sales": 78.0
            }
        },
        {
            "Location ID": "0abe0c6e-88b0-45a3-921c-bb9662eac0b8",
            "date": "2023-12-08",
            "data": {
                "Revenue Class": "Pantry, Sweets & Snacks",
                "Items sold": 8.0,
                "Total Sales": 76.33
            }
        },
        {
            "Location ID": "0abe0c6e-88b0-45a3-921c-bb9662eac0b8",
            "date": "2023-12-08",
            "data": {
                "Revenue Class": "Pantry",
                "Items sold": 15.0,
                "Total Sales": 74.25
            }
        },
        {
            "Location ID": "0abe0c6e-88b0-45a3-921c-bb9662eac0b8",
            "date": "2024-07-10",
            "data": {
                "Revenue Class": "Pantry, PANTRY",
                "Items sold": 11.0,
                "Total Sales": 73.93
            }
        },
        {
            "Location ID": "0abe0c6e-88b0-45a3-921c-bb9662eac0b8",
            "date": "2024-05-15",
            "data": {
                "Revenue Class": "GRIDDLE",
                "Items sold": 5.0,
                "Total Sales": 72.95
            }
        },
        {
            "Location ID": "0abe0c6e-88b0-45a3-921c-bb9662eac0b8",
            "date": "2023-11-30",
            "data": {
                "Revenue Class": "Pantry, PANTRY",
                "Items sold": 12.0,
                "Total Sales": 71.88
            }
        },
        {
            "Location ID": "0abe0c6e-88b0-45a3-921c-bb9662eac0b8",
            "date": "2023-11-22",
            "data": {
                "Revenue Class": "FOOD",
                "Items sold": 5.0,
                "Total Sales": 71.83
            }
        },
        {
            "Location ID": "0abe0c6e-88b0-45a3-921c-bb9662eac0b8",
            "date": "2024-02-26",
            "data": {
                "Revenue Class": "FOOD",
                "Items sold": 27.0,
                "Total Sales": 71.49
            }
        },
        {
            "Location ID": "0abe0c6e-88b0-45a3-921c-bb9662eac0b8",
            "date": "2024-04-27",
            "data": {
                "Revenue Class": "GRIDDLE",
                "Items sold": 5.0,
                "Total Sales": 70.95
            }
        },
        {
            "Location ID": "0abe0c6e-88b0-45a3-921c-bb9662eac0b8",
            "date": "2024-02-08",
            "data": {
                "Revenue Class": "Pantry, PANTRY",
                "Items sold": 6.0,
                "Total Sales": 68.45
            }
        },
        {
            "Location ID": "0abe0c6e-88b0-45a3-921c-bb9662eac0b8",
            "date": "2024-06-04",
            "data": {
                "Revenue Class": "Pantry, PANTRY",
                "Items sold": 7.0,
                "Total Sales": 68.45
            }
        },
        {
            "Location ID": "0abe0c6e-88b0-45a3-921c-bb9662eac0b8",
            "date": "2024-01-25",
            "data": {
                "Revenue Class": "FOOD",
                "Items sold": 4.0,
                "Total Sales": 67.96
            }
        },
        {
            "Location ID": "0abe0c6e-88b0-45a3-921c-bb9662eac0b8",
            "date": "2023-12-12",
            "data": {
                "Revenue Class": "Pantry, Sweets & Snacks",
                "Items sold": 15.0,
                "Total Sales": 67.35
            }
        },
        {
            "Location ID": "0abe0c6e-88b0-45a3-921c-bb9662eac0b8",
            "date": "2024-01-15",
            "data": {
                "Revenue Class": "FOOD",
                "Items sold": 4.0,
                "Total Sales": 65.96
            }
        },
        {
            "Location ID": "0abe0c6e-88b0-45a3-921c-bb9662eac0b8",
            "date": "2024-07-03",
            "data": {
                "Revenue Class": "Pantry, PANTRY",
                "Items sold": 8.0,
                "Total Sales": 65.48
            }
        },
        {
            "Location ID": "0abe0c6e-88b0-45a3-921c-bb9662eac0b8",
            "date": "2023-12-17",
            "data": {
                "Revenue Class": "GRIDDLE",
                "Items sold": 4.0,
                "Total Sales": 63.96
            }
        },
        {
            "Location ID": "0abe0c6e-88b0-45a3-921c-bb9662eac0b8",
            "date": "2024-02-13",
            "data": {
                "Revenue Class": "GRIDDLE",
                "Items sold": 4.0,
                "Total Sales": 63.96
            }
        },
        {
            "Location ID": "0abe0c6e-88b0-45a3-921c-bb9662eac0b8",
            "date": "2024-04-25",
            "data": {
                "Revenue Class": "GRIDDLE",
                "Items sold": 4.0,
                "Total Sales": 63.96
            }
        },
        {
            "Location ID": "0abe0c6e-88b0-45a3-921c-bb9662eac0b8",
            "date": "2024-01-19",
            "data": {
                "Revenue Class": "GRIDDLE",
                "Items sold": 4.0,
                "Total Sales": 63.96
            }
        },
        {
            "Location ID": "0abe0c6e-88b0-45a3-921c-bb9662eac0b8",
            "date": "2024-03-19",
            "data": {
                "Revenue Class": "GRIDDLE",
                "Items sold": 4.0,
                "Total Sales": 63.96
            }
        },
        {
            "Location ID": "0abe0c6e-88b0-45a3-921c-bb9662eac0b8",
            "date": "2024-06-11",
            "data": {
                "Revenue Class": "GRIDDLE",
                "Items sold": 4.0,
                "Total Sales": 63.96
            }
        },
        {
            "Location ID": "0abe0c6e-88b0-45a3-921c-bb9662eac0b8",
            "date": "2024-07-24",
            "data": {
                "Revenue Class": "GRIDDLE",
                "Items sold": 4.0,
                "Total Sales": 63.96
            }
        },
        {
            "Location ID": "0abe0c6e-88b0-45a3-921c-bb9662eac0b8",
            "date": "2024-07-08",
            "data": {
                "Revenue Class": "FOOD",
                "Items sold": 5.0,
                "Total Sales": 61.8
            }
        },
        {
            "Location ID": "0abe0c6e-88b0-45a3-921c-bb9662eac0b8",
            "date": "2024-02-20",
            "data": {
                "Revenue Class": "FOOD",
                "Items sold": 14.0,
                "Total Sales": 61.0
            }
        },
        {
            "Location ID": "0abe0c6e-88b0-45a3-921c-bb9662eac0b8",
            "date": "2024-04-05",
            "data": {
                "Revenue Class": "Pantry, PANTRY",
                "Items sold": 7.0,
                "Total Sales": 59.9
            }
        },
        {
            "Location ID": "0abe0c6e-88b0-45a3-921c-bb9662eac0b8",
            "date": "2023-12-19",
            "data": {
                "Revenue Class": "GRIDDLE",
                "Items sold": 4.0,
                "Total Sales": 59.46
            }
        },
        {
            "Location ID": "0abe0c6e-88b0-45a3-921c-bb9662eac0b8",
            "date": "2024-04-25",
            "data": {
                "Revenue Class": "FOOD",
                "Items sold": 9.0,
                "Total Sales": 58.0
            }
        },
        {
            "Location ID": "0abe0c6e-88b0-45a3-921c-bb9662eac0b8",
            "date": "2023-12-11",
            "data": {
                "Revenue Class": "Sweets & Snacks",
                "Items sold": 8.0,
                "Total Sales": 56.3
            }
        },
        {
            "Location ID": "0abe0c6e-88b0-45a3-921c-bb9662eac0b8",
            "date": "2024-05-22",
            "data": {
                "Revenue Class": "FOOD",
                "Items sold": 8.0,
                "Total Sales": 56.0
            }
        },
        {
            "Location ID": "0abe0c6e-88b0-45a3-921c-bb9662eac0b8",
            "date": "2024-02-05",
            "data": {
                "Revenue Class": "Chinese, FOOD",
                "Items sold": 4.0,
                "Total Sales": 55.78
            }
        },
        {
            "Location ID": "0abe0c6e-88b0-45a3-921c-bb9662eac0b8",
            "date": "2024-05-10",
            "data": {
                "Revenue Class": "GRIDDLE",
                "Items sold": 4.0,
                "Total Sales": 55.46
            }
        },
        {
            "Location ID": "0abe0c6e-88b0-45a3-921c-bb9662eac0b8",
            "date": "2024-01-01",
            "data": {
                "Revenue Class": "Pantry, PANTRY",
                "Items sold": 7.0,
                "Total Sales": 54.96
            }
        },
        {
            "Location ID": "0abe0c6e-88b0-45a3-921c-bb9662eac0b8",
            "date": "2023-11-28",
            "data": {
                "Revenue Class": "Pantry",
                "Items sold": 11.0,
                "Total Sales": 54.45
            }
        },
        {
            "Location ID": "0abe0c6e-88b0-45a3-921c-bb9662eac0b8",
            "date": "2024-01-10",
            "data": {
                "Revenue Class": "Pantry, PANTRY",
                "Items sold": 8.0,
                "Total Sales": 51.93
            }
        },
        {
            "Location ID": "0abe0c6e-88b0-45a3-921c-bb9662eac0b8",
            "date": "2024-07-18",
            "data": {
                "Revenue Class": "FOOD",
                "Items sold": 3.0,
                "Total Sales": 51.0
            }
        },
        {
            "Location ID": "0abe0c6e-88b0-45a3-921c-bb9662eac0b8",
            "date": "2023-12-18",
            "data": {
                "Revenue Class": "Pantry, PANTRY",
                "Items sold": 3.0,
                "Total Sales": 50.97
            }
        },
        {
            "Location ID": "0abe0c6e-88b0-45a3-921c-bb9662eac0b8",
            "date": "2024-04-09",
            "data": {
                "Revenue Class": "FOOD",
                "Items sold": 4.0,
                "Total Sales": 49.98
            }
        },
        {
            "Location ID": "0abe0c6e-88b0-45a3-921c-bb9662eac0b8",
            "date": "2023-12-17",
            "data": {
                "Revenue Class": "FOOD",
                "Items sold": 3.0,
                "Total Sales": 49.47
            }
        },
        {
            "Location ID": "0abe0c6e-88b0-45a3-921c-bb9662eac0b8",
            "date": "2024-04-09",
            "data": {
                "Revenue Class": "Pantry, PANTRY",
                "Items sold": 5.0,
                "Total Sales": 48.38
            }
        },
        {
            "Location ID": "0abe0c6e-88b0-45a3-921c-bb9662eac0b8",
            "date": "2023-11-30",
            "data": {
                "Revenue Class": "GRIDDLE",
                "Items sold": 3.0,
                "Total Sales": 47.97
            }
        },
        {
            "Location ID": "0abe0c6e-88b0-45a3-921c-bb9662eac0b8",
            "date": "2024-03-22",
            "data": {
                "Revenue Class": "GRIDDLE",
                "Items sold": 3.0,
                "Total Sales": 47.97
            }
        },
        {
            "Location ID": "0abe0c6e-88b0-45a3-921c-bb9662eac0b8",
            "date": "2023-12-22",
            "data": {
                "Revenue Class": "GRIDDLE",
                "Items sold": 3.0,
                "Total Sales": 47.97
            }
        },
        {
            "Location ID": "0abe0c6e-88b0-45a3-921c-bb9662eac0b8",
            "date": "2024-02-08",
            "data": {
                "Revenue Class": "GRIDDLE",
                "Items sold": 3.0,
                "Total Sales": 47.97
            }
        },
        {
            "Location ID": "0abe0c6e-88b0-45a3-921c-bb9662eac0b8",
            "date": "2024-04-30",
            "data": {
                "Revenue Class": "GRIDDLE",
                "Items sold": 3.0,
                "Total Sales": 47.97
            }
        },
        {
            "Location ID": "0abe0c6e-88b0-45a3-921c-bb9662eac0b8",
            "date": "2024-02-02",
            "data": {
                "Revenue Class": "Pantry, PANTRY",
                "Items sold": 4.0,
                "Total Sales": 46.99
            }
        },
        {
            "Location ID": "0abe0c6e-88b0-45a3-921c-bb9662eac0b8",
            "date": "2024-04-08",
            "data": {
                "Revenue Class": "Pantry, PANTRY",
                "Items sold": 4.0,
                "Total Sales": 46.97
            }
        },
        {
            "Location ID": "0abe0c6e-88b0-45a3-921c-bb9662eac0b8",
            "date": "2024-01-02",
            "data": {
                "Revenue Class": "Pantry, PANTRY",
                "Items sold": 7.0,
                "Total Sales": 46.93
            }
        },
        {
            "Location ID": "0abe0c6e-88b0-45a3-921c-bb9662eac0b8",
            "date": "2023-12-01",
            "data": {
                "Revenue Class": "Pantry",
                "Items sold": 9.0,
                "Total Sales": 46.1
            }
        },
        {
            "Location ID": "0abe0c6e-88b0-45a3-921c-bb9662eac0b8",
            "date": "2024-01-05",
            "data": {
                "Revenue Class": "GRIDDLE, South Indian",
                "Items sold": 4.0,
                "Total Sales": 45.96
            }
        },
        {
            "Location ID": "0abe0c6e-88b0-45a3-921c-bb9662eac0b8",
            "date": "2024-01-02",
            "data": {
                "Revenue Class": "Chinese, FOOD",
                "Items sold": 3.0,
                "Total Sales": 44.97
            }
        },
        {
            "Location ID": "0abe0c6e-88b0-45a3-921c-bb9662eac0b8",
            "date": "2023-11-24",
            "data": {
                "Revenue Class": "GRIDDLE, South Indian",
                "Items sold": 3.0,
                "Total Sales": 44.97
            }
        },
        {
            "Location ID": "0abe0c6e-88b0-45a3-921c-bb9662eac0b8",
            "date": "2024-04-07",
            "data": {
                "Revenue Class": "FOOD",
                "Items sold": 5.0,
                "Total Sales": 42.0
            }
        },
        {
            "Location ID": "0abe0c6e-88b0-45a3-921c-bb9662eac0b8",
            "date": "2024-05-09",
            "data": {
                "Revenue Class": "Pantry, PANTRY",
                "Items sold": 5.0,
                "Total Sales": 41.95
            }
        },
        {
            "Location ID": "0abe0c6e-88b0-45a3-921c-bb9662eac0b8",
            "date": "2024-06-03",
            "data": {
                "Revenue Class": "Pantry, PANTRY",
                "Items sold": 7.0,
                "Total Sales": 41.93
            }
        },
        {
            "Location ID": "0abe0c6e-88b0-45a3-921c-bb9662eac0b8",
            "date": "2024-04-24",
            "data": {
                "Revenue Class": "GRIDDLE",
                "Items sold": 3.0,
                "Total Sales": 40.97
            }
        },
        {
            "Location ID": "0abe0c6e-88b0-45a3-921c-bb9662eac0b8",
            "date": "2024-02-15",
            "data": {
                "Revenue Class": "FOOD",
                "Items sold": 4.0,
                "Total Sales": 40.0
            }
        },
        {
            "Location ID": "0abe0c6e-88b0-45a3-921c-bb9662eac0b8",
            "date": "2024-07-09",
            "data": {
                "Revenue Class": "Pantry, PANTRY",
                "Items sold": 4.0,
                "Total Sales": 40.0
            }
        },
        {
            "Location ID": "0abe0c6e-88b0-45a3-921c-bb9662eac0b8",
            "date": "2023-12-11",
            "data": {
                "Revenue Class": "Pantry",
                "Items sold": 8.0,
                "Total Sales": 39.6
            }
        },
        {
            "Location ID": "0abe0c6e-88b0-45a3-921c-bb9662eac0b8",
            "date": "2024-06-27",
            "data": {
                "Revenue Class": "Pantry",
                "Items sold": 4.0,
                "Total Sales": 39.39
            }
        },
        {
            "Location ID": "0abe0c6e-88b0-45a3-921c-bb9662eac0b8",
            "date": "2024-05-21",
            "data": {
                "Revenue Class": "Pantry, PANTRY",
                "Items sold": 7.0,
                "Total Sales": 39.19
            }
        },
        {
            "Location ID": "0abe0c6e-88b0-45a3-921c-bb9662eac0b8",
            "date": "2024-05-02",
            "data": {
                "Revenue Class": "FOOD",
                "Items sold": 3.0,
                "Total Sales": 38.49
            }
        },
        {
            "Location ID": "0abe0c6e-88b0-45a3-921c-bb9662eac0b8",
            "date": "2024-01-07",
            "data": {
                "Revenue Class": "Pantry, PANTRY",
                "Items sold": 5.0,
                "Total Sales": 38.38
            }
        },
        {
            "Location ID": "0abe0c6e-88b0-45a3-921c-bb9662eac0b8",
            "date": "2024-05-21",
            "data": {
                "Revenue Class": "FOOD, South Indian",
                "Items sold": 3.0,
                "Total Sales": 36.48
            }
        },
        {
            "Location ID": "0abe0c6e-88b0-45a3-921c-bb9662eac0b8",
            "date": "2024-02-21",
            "data": {
                "Revenue Class": "FOOD",
                "Items sold": 18.0,
                "Total Sales": 36.0
            }
        },
        {
            "Location ID": "0abe0c6e-88b0-45a3-921c-bb9662eac0b8",
            "date": "2024-03-28",
            "data": {
                "Revenue Class": "Pantry, PANTRY",
                "Items sold": 6.0,
                "Total Sales": 36.0
            }
        },
        {
            "Location ID": "0abe0c6e-88b0-45a3-921c-bb9662eac0b8",
            "date": "2024-05-17",
            "data": {
                "Revenue Class": "Pantry, PANTRY",
                "Items sold": 6.0,
                "Total Sales": 36.0
            }
        },
        {
            "Location ID": "0abe0c6e-88b0-45a3-921c-bb9662eac0b8",
            "date": "2024-06-10",
            "data": {
                "Revenue Class": "Pantry, PANTRY",
                "Items sold": 6.0,
                "Total Sales": 36.0
            }
        },
        {
            "Location ID": "0abe0c6e-88b0-45a3-921c-bb9662eac0b8",
            "date": "2024-07-01",
            "data": {
                "Revenue Class": "Chinese, FOOD",
                "Items sold": 2.0,
                "Total Sales": 35.98
            }
        },
        {
            "Location ID": "0abe0c6e-88b0-45a3-921c-bb9662eac0b8",
            "date": "2024-01-05",
            "data": {
                "Revenue Class": "A La Carte, FOOD",
                "Items sold": 3.0,
                "Total Sales": 35.85
            }
        },
        {
            "Location ID": "0abe0c6e-88b0-45a3-921c-bb9662eac0b8",
            "date": "2024-01-10",
            "data": {
                "Revenue Class": "A La Carte, FOOD",
                "Items sold": 3.0,
                "Total Sales": 35.85
            }
        },
        {
            "Location ID": "0abe0c6e-88b0-45a3-921c-bb9662eac0b8",
            "date": "2024-04-27",
            "data": {
                "Revenue Class": "FOOD",
                "Items sold": 3.0,
                "Total Sales": 35.0
            }
        },
        {
            "Location ID": "0abe0c6e-88b0-45a3-921c-bb9662eac0b8",
            "date": "2024-04-26",
            "data": {
                "Revenue Class": "Pantry, PANTRY",
                "Items sold": 2.0,
                "Total Sales": 33.98
            }
        },
        {
            "Location ID": "0abe0c6e-88b0-45a3-921c-bb9662eac0b8",
            "date": "2024-04-15",
            "data": {
                "Revenue Class": "Pantry, PANTRY",
                "Items sold": 3.0,
                "Total Sales": 33.98
            }
        },
        {
            "Location ID": "0abe0c6e-88b0-45a3-921c-bb9662eac0b8",
            "date": "2024-01-09",
            "data": {
                "Revenue Class": "FOOD",
                "Items sold": 2.0,
                "Total Sales": 32.98
            }
        },
        {
            "Location ID": "0abe0c6e-88b0-45a3-921c-bb9662eac0b8",
            "date": "2023-11-20",
            "data": {
                "Revenue Class": "GRIDDLE",
                "Items sold": 2.0,
                "Total Sales": 31.98
            }
        },
        {
            "Location ID": "0abe0c6e-88b0-45a3-921c-bb9662eac0b8",
            "date": "2024-03-25",
            "data": {
                "Revenue Class": "GRIDDLE",
                "Items sold": 2.0,
                "Total Sales": 31.98
            }
        },
        {
            "Location ID": "0abe0c6e-88b0-45a3-921c-bb9662eac0b8",
            "date": "2024-03-15",
            "data": {
                "Revenue Class": "GRIDDLE",
                "Items sold": 2.0,
                "Total Sales": 31.98
            }
        },
        {
            "Location ID": "0abe0c6e-88b0-45a3-921c-bb9662eac0b8",
            "date": "2024-03-23",
            "data": {
                "Revenue Class": "GRIDDLE",
                "Items sold": 2.0,
                "Total Sales": 30.48
            }
        },
        {
            "Location ID": "0abe0c6e-88b0-45a3-921c-bb9662eac0b8",
            "date": "2024-07-01",
            "data": {
                "Revenue Class": "FOOD",
                "Items sold": 3.0,
                "Total Sales": 30.0
            }
        },
        {
            "Location ID": "0abe0c6e-88b0-45a3-921c-bb9662eac0b8",
            "date": "2024-01-02",
            "data": {
                "Revenue Class": "GRIDDLE, South Indian",
                "Items sold": 1.0,
                "Total Sales": 29.98
            }
        },
        {
            "Location ID": "0abe0c6e-88b0-45a3-921c-bb9662eac0b8",
            "date": "2024-01-29",
            "data": {
                "Revenue Class": "Pantry, PANTRY",
                "Items sold": 5.0,
                "Total Sales": 29.95
            }
        },
        {
            "Location ID": "0abe0c6e-88b0-45a3-921c-bb9662eac0b8",
            "date": "2024-06-18",
            "data": {
                "Revenue Class": "FOOD",
                "Items sold": 2.0,
                "Total Sales": 27.98
            }
        },
        {
            "Location ID": "0abe0c6e-88b0-45a3-921c-bb9662eac0b8",
            "date": "2024-06-04",
            "data": {
                "Revenue Class": "FOOD, South Indian",
                "Items sold": 2.0,
                "Total Sales": 27.98
            }
        },
        {
            "Location ID": "0abe0c6e-88b0-45a3-921c-bb9662eac0b8",
            "date": "2024-01-17",
            "data": {
                "Revenue Class": "FOOD, South Indian",
                "Items sold": 3.0,
                "Total Sales": 26.97
            }
        },
        {
            "Location ID": "0abe0c6e-88b0-45a3-921c-bb9662eac0b8",
            "date": "2023-12-01",
            "data": {
                "Revenue Class": "Pantry, Sweets & Snacks",
                "Items sold": 6.0,
                "Total Sales": 26.94
            }
        },
        {
            "Location ID": "0abe0c6e-88b0-45a3-921c-bb9662eac0b8",
            "date": "2023-12-12",
            "data": {
                "Revenue Class": "Sweets & Snacks",
                "Items sold": 6.0,
                "Total Sales": 26.94
            }
        },
        {
            "Location ID": "0abe0c6e-88b0-45a3-921c-bb9662eac0b8",
            "date": "2024-07-03",
            "data": {
                "Revenue Class": "FOOD, South Indian",
                "Items sold": 3.0,
                "Total Sales": 26.48
            }
        },
        {
            "Location ID": "0abe0c6e-88b0-45a3-921c-bb9662eac0b8",
            "date": "2024-01-19",
            "data": {
                "Revenue Class": "Pantry, PANTRY",
                "Items sold": 2.0,
                "Total Sales": 24.98
            }
        },
        {
            "Location ID": "0abe0c6e-88b0-45a3-921c-bb9662eac0b8",
            "date": "2024-03-13",
            "data": {
                "Revenue Class": "FOOD",
                "Items sold": 8.0,
                "Total Sales": 24.0
            }
        },
        {
            "Location ID": "0abe0c6e-88b0-45a3-921c-bb9662eac0b8",
            "date": "2024-07-24",
            "data": {
                "Revenue Class": "Pantry, PANTRY",
                "Items sold": 4.0,
                "Total Sales": 24.0
            }
        },
        {
            "Location ID": "0abe0c6e-88b0-45a3-921c-bb9662eac0b8",
            "date": "2024-03-27",
            "data": {
                "Revenue Class": "Pantry, PANTRY",
                "Items sold": 4.0,
                "Total Sales": 24.0
            }
        },
        {
            "Location ID": "0abe0c6e-88b0-45a3-921c-bb9662eac0b8",
            "date": "2024-04-30",
            "data": {
                "Revenue Class": "Pantry, PANTRY",
                "Items sold": 4.0,
                "Total Sales": 24.0
            }
        },
        {
            "Location ID": "0abe0c6e-88b0-45a3-921c-bb9662eac0b8",
            "date": "2024-06-14",
            "data": {
                "Revenue Class": "Pantry, PANTRY",
                "Items sold": 4.0,
                "Total Sales": 24.0
            }
        },
        {
            "Location ID": "0abe0c6e-88b0-45a3-921c-bb9662eac0b8",
            "date": "2024-05-07",
            "data": {
                "Revenue Class": "Chinese, FOOD",
                "Items sold": 1.0,
                "Total Sales": 23.49
            }
        },
        {
            "Location ID": "0abe0c6e-88b0-45a3-921c-bb9662eac0b8",
            "date": "2024-05-02",
            "data": {
                "Revenue Class": "GRIDDLE",
                "Items sold": 2.0,
                "Total Sales": 23.48
            }
        },
        {
            "Location ID": "0abe0c6e-88b0-45a3-921c-bb9662eac0b8",
            "date": "2023-12-06",
            "data": {
                "Revenue Class": "Pantry, PANTRY",
                "Items sold": 5.0,
                "Total Sales": 23.25
            }
        },
        {
            "Location ID": "0abe0c6e-88b0-45a3-921c-bb9662eac0b8",
            "date": "2024-01-16",
            "data": {
                "Revenue Class": "GRIDDLE, South Indian",
                "Items sold": 2.0,
                "Total Sales": 22.98
            }
        },
        {
            "Location ID": "0abe0c6e-88b0-45a3-921c-bb9662eac0b8",
            "date": "2023-12-28",
            "data": {
                "Revenue Class": "GRIDDLE, South Indian",
                "Items sold": 2.0,
                "Total Sales": 22.98
            }
        },
        {
            "Location ID": "0abe0c6e-88b0-45a3-921c-bb9662eac0b8",
            "date": "2024-02-05",
            "data": {
                "Revenue Class": "GRIDDLE, South Indian",
                "Items sold": 2.0,
                "Total Sales": 22.98
            }
        },
        {
            "Location ID": "0abe0c6e-88b0-45a3-921c-bb9662eac0b8",
            "date": "2024-06-04",
            "data": {
                "Revenue Class": "GRIDDLE, South Indian",
                "Items sold": 2.0,
                "Total Sales": 22.98
            }
        },
        {
            "Location ID": "0abe0c6e-88b0-45a3-921c-bb9662eac0b8",
            "date": "2024-01-31",
            "data": {
                "Revenue Class": "Chinese, FOOD",
                "Items sold": 1.0,
                "Total Sales": 22.49
            }
        },
        {
            "Location ID": "0abe0c6e-88b0-45a3-921c-bb9662eac0b8",
            "date": "2024-07-03",
            "data": {
                "Revenue Class": "Chinese, FOOD",
                "Items sold": 2.0,
                "Total Sales": 22.48
            }
        },
        {
            "Location ID": "0abe0c6e-88b0-45a3-921c-bb9662eac0b8",
            "date": "2023-12-11",
            "data": {
                "Revenue Class": "Pantry, Sweets & Snacks",
                "Items sold": 5.0,
                "Total Sales": 22.45
            }
        },
        {
            "Location ID": "0abe0c6e-88b0-45a3-921c-bb9662eac0b8",
            "date": "2024-03-06",
            "data": {
                "Revenue Class": "FOOD",
                "Items sold": 11.0,
                "Total Sales": 22.0
            }
        },
        {
            "Location ID": "0abe0c6e-88b0-45a3-921c-bb9662eac0b8",
            "date": "2024-04-24",
            "data": {
                "Revenue Class": "FOOD",
                "Items sold": 6.0,
                "Total Sales": 22.0
            }
        },
        {
            "Location ID": "0abe0c6e-88b0-45a3-921c-bb9662eac0b8",
            "date": "2023-11-22",
            "data": {
                "Revenue Class": "Pantry, PANTRY",
                "Items sold": 3.0,
                "Total Sales": 20.97
            }
        },
        {
            "Location ID": "0abe0c6e-88b0-45a3-921c-bb9662eac0b8",
            "date": "2024-07-03",
            "data": {
                "Revenue Class": "FOOD",
                "Items sold": 2.0,
                "Total Sales": 20.0
            }
        },
        {
            "Location ID": "0abe0c6e-88b0-45a3-921c-bb9662eac0b8",
            "date": "2024-06-18",
            "data": {
                "Revenue Class": "Pantry, PANTRY",
                "Items sold": 3.0,
                "Total Sales": 19.98
            }
        },
        {
            "Location ID": "0abe0c6e-88b0-45a3-921c-bb9662eac0b8",
            "date": "2024-04-22",
            "data": {
                "Revenue Class": "Chinese, FOOD",
                "Items sold": 2.0,
                "Total Sales": 19.9
            }
        },
        {
            "Location ID": "0abe0c6e-88b0-45a3-921c-bb9662eac0b8",
            "date": "2024-06-05",
            "data": {
                "Revenue Class": "FOOD",
                "Items sold": 1.0,
                "Total Sales": 19.49
            }
        },
        {
            "Location ID": "0abe0c6e-88b0-45a3-921c-bb9662eac0b8",
            "date": "2023-12-11",
            "data": {
                "Revenue Class": "FOOD, South Indian",
                "Items sold": 2.0,
                "Total Sales": 17.98
            }
        },
        {
            "Location ID": "0abe0c6e-88b0-45a3-921c-bb9662eac0b8",
            "date": "2023-12-01",
            "data": {
                "Revenue Class": "Sweets & Snacks",
                "Items sold": 4.0,
                "Total Sales": 17.96
            }
        },
        {
            "Location ID": "0abe0c6e-88b0-45a3-921c-bb9662eac0b8",
            "date": "2023-11-24",
            "data": {
                "Revenue Class": "A La Carte, GRIDDLE",
                "Items sold": 4.0,
                "Total Sales": 17.88
            }
        },
        {
            "Location ID": "0abe0c6e-88b0-45a3-921c-bb9662eac0b8",
            "date": "2023-12-04",
            "data": {
                "Revenue Class": "FOOD",
                "Items sold": 1.0,
                "Total Sales": 16.99
            }
        },
        {
            "Location ID": "0abe0c6e-88b0-45a3-921c-bb9662eac0b8",
            "date": "2024-06-26",
            "data": {
                "Revenue Class": "FOOD",
                "Items sold": 1.0,
                "Total Sales": 16.99
            }
        },
        {
            "Location ID": "0abe0c6e-88b0-45a3-921c-bb9662eac0b8",
            "date": "2024-01-30",
            "data": {
                "Revenue Class": "FOOD",
                "Items sold": 1.0,
                "Total Sales": 16.99
            }
        },
        {
            "Location ID": "0abe0c6e-88b0-45a3-921c-bb9662eac0b8",
            "date": "2023-12-19",
            "data": {
                "Revenue Class": "FOOD",
                "Items sold": 1.0,
                "Total Sales": 16.49
            }
        },
        {
            "Location ID": "0abe0c6e-88b0-45a3-921c-bb9662eac0b8",
            "date": "2023-12-11",
            "data": {
                "Revenue Class": "A La Carte, Pantry",
                "Items sold": 1.0,
                "Total Sales": 15.99
            }
        },
        {
            "Location ID": "0abe0c6e-88b0-45a3-921c-bb9662eac0b8",
            "date": "2024-03-18",
            "data": {
                "Revenue Class": "GRIDDLE",
                "Items sold": 1.0,
                "Total Sales": 15.99
            }
        },
        {
            "Location ID": "0abe0c6e-88b0-45a3-921c-bb9662eac0b8",
            "date": "2024-04-09",
            "data": {
                "Revenue Class": "Pantry",
                "Items sold": 1.0,
                "Total Sales": 15.75
            }
        },
        {
            "Location ID": "0abe0c6e-88b0-45a3-921c-bb9662eac0b8",
            "date": "2024-07-01",
            "data": {
                "Revenue Class": "GRIDDLE, South Indian",
                "Items sold": 1.0,
                "Total Sales": 14.99
            }
        },
        {
            "Location ID": "0abe0c6e-88b0-45a3-921c-bb9662eac0b8",
            "date": "2023-12-06",
            "data": {
                "Revenue Class": "Pantry",
                "Items sold": 3.0,
                "Total Sales": 14.85
            }
        },
        {
            "Location ID": "0abe0c6e-88b0-45a3-921c-bb9662eac0b8",
            "date": "2023-12-07",
            "data": {
                "Revenue Class": "Pantry",
                "Items sold": 3.0,
                "Total Sales": 14.85
            }
        },
        {
            "Location ID": "0abe0c6e-88b0-45a3-921c-bb9662eac0b8",
            "date": "2024-06-19",
            "data": {
                "Revenue Class": "Pantry, PANTRY",
                "Items sold": 2.0,
                "Total Sales": 13.98
            }
        },
        {
            "Location ID": "0abe0c6e-88b0-45a3-921c-bb9662eac0b8",
            "date": "2024-04-09",
            "data": {
                "Revenue Class": "A La Carte, FOOD",
                "Items sold": 1.0,
                "Total Sales": 12.95
            }
        },
        {
            "Location ID": "0abe0c6e-88b0-45a3-921c-bb9662eac0b8",
            "date": "2024-05-09",
            "data": {
                "Revenue Class": "Chinese, FOOD",
                "Items sold": 1.0,
                "Total Sales": 12.49
            }
        },
        {
            "Location ID": "0abe0c6e-88b0-45a3-921c-bb9662eac0b8",
            "date": "2024-03-07",
            "data": {
                "Revenue Class": "Pantry, PANTRY",
                "Items sold": 1.0,
                "Total Sales": 12.49
            }
        },
        {
            "Location ID": "0abe0c6e-88b0-45a3-921c-bb9662eac0b8",
            "date": "2024-06-07",
            "data": {
                "Revenue Class": "Pantry, PANTRY",
                "Items sold": 1.0,
                "Total Sales": 12.49
            }
        },
        {
            "Location ID": "0abe0c6e-88b0-45a3-921c-bb9662eac0b8",
            "date": "2024-07-01",
            "data": {
                "Revenue Class": "A La Carte, FOOD",
                "Items sold": 1.0,
                "Total Sales": 11.95
            }
        },
        {
            "Location ID": "0abe0c6e-88b0-45a3-921c-bb9662eac0b8",
            "date": "2024-02-01",
            "data": {
                "Revenue Class": "A La Carte, FOOD",
                "Items sold": 1.0,
                "Total Sales": 11.95
            }
        },
        {
            "Location ID": "0abe0c6e-88b0-45a3-921c-bb9662eac0b8",
            "date": "2024-01-08",
            "data": {
                "Revenue Class": "GRIDDLE, South Indian",
                "Items sold": 1.0,
                "Total Sales": 11.49
            }
        },
        {
            "Location ID": "0abe0c6e-88b0-45a3-921c-bb9662eac0b8",
            "date": "2023-12-29",
            "data": {
                "Revenue Class": "GRIDDLE, South Indian",
                "Items sold": 1.0,
                "Total Sales": 11.49
            }
        },
        {
            "Location ID": "0abe0c6e-88b0-45a3-921c-bb9662eac0b8",
            "date": "2024-01-07",
            "data": {
                "Revenue Class": "Pantry",
                "Items sold": 2.0,
                "Total Sales": 11.45
            }
        },
        {
            "Location ID": "0abe0c6e-88b0-45a3-921c-bb9662eac0b8",
            "date": "2024-05-06",
            "data": {
                "Revenue Class": "FOOD",
                "Items sold": 1.0,
                "Total Sales": 10.99
            }
        },
        {
            "Location ID": "0abe0c6e-88b0-45a3-921c-bb9662eac0b8",
            "date": "2024-06-14",
            "data": {
                "Revenue Class": "FOOD",
                "Items sold": 1.0,
                "Total Sales": 10.0
            }
        },
        {
            "Location ID": "0abe0c6e-88b0-45a3-921c-bb9662eac0b8",
            "date": "2024-07-09",
            "data": {
                "Revenue Class": "FOOD",
                "Items sold": 1.0,
                "Total Sales": 10.0
            }
        },
        {
            "Location ID": "0abe0c6e-88b0-45a3-921c-bb9662eac0b8",
            "date": "2024-03-20",
            "data": {
                "Revenue Class": "FOOD",
                "Items sold": 1.0,
                "Total Sales": 10.0
            }
        },
        {
            "Location ID": "0abe0c6e-88b0-45a3-921c-bb9662eac0b8",
            "date": "2024-03-23",
            "data": {
                "Revenue Class": "FOOD",
                "Items sold": 1.0,
                "Total Sales": 10.0
            }
        },
        {
            "Location ID": "0abe0c6e-88b0-45a3-921c-bb9662eac0b8",
            "date": "2024-04-05",
            "data": {
                "Revenue Class": "FOOD",
                "Items sold": 1.0,
                "Total Sales": 10.0
            }
        },
        {
            "Location ID": "0abe0c6e-88b0-45a3-921c-bb9662eac0b8",
            "date": "2024-04-29",
            "data": {
                "Revenue Class": "FOOD",
                "Items sold": 1.0,
                "Total Sales": 10.0
            }
        },
        {
            "Location ID": "0abe0c6e-88b0-45a3-921c-bb9662eac0b8",
            "date": "2024-07-10",
            "data": {
                "Revenue Class": "FOOD",
                "Items sold": 1.0,
                "Total Sales": 10.0
            }
        },
        {
            "Location ID": "0abe0c6e-88b0-45a3-921c-bb9662eac0b8",
            "date": "2024-07-19",
            "data": {
                "Revenue Class": "Pantry, PANTRY",
                "Items sold": 1.0,
                "Total Sales": 10.0
            }
        },
        {
            "Location ID": "0abe0c6e-88b0-45a3-921c-bb9662eac0b8",
            "date": "2024-06-20",
            "data": {
                "Revenue Class": "Chinese, FOOD",
                "Items sold": 1.0,
                "Total Sales": 9.99
            }
        },
        {
            "Location ID": "0abe0c6e-88b0-45a3-921c-bb9662eac0b8",
            "date": "2024-04-05",
            "data": {
                "Revenue Class": "Pantry",
                "Items sold": 2.0,
                "Total Sales": 9.9
            }
        },
        {
            "Location ID": "0abe0c6e-88b0-45a3-921c-bb9662eac0b8",
            "date": "2023-11-24",
            "data": {
                "Revenue Class": "Pantry",
                "Items sold": 2.0,
                "Total Sales": 9.9
            }
        },
        {
            "Location ID": "0abe0c6e-88b0-45a3-921c-bb9662eac0b8",
            "date": "2023-11-27",
            "data": {
                "Revenue Class": "Pantry",
                "Items sold": 2.0,
                "Total Sales": 9.9
            }
        },
        {
            "Location ID": "0abe0c6e-88b0-45a3-921c-bb9662eac0b8",
            "date": "2024-04-08",
            "data": {
                "Revenue Class": "FOOD",
                "Items sold": 1.0,
                "Total Sales": 9.49
            }
        },
        {
            "Location ID": "0abe0c6e-88b0-45a3-921c-bb9662eac0b8",
            "date": "2024-06-27",
            "data": {
                "Revenue Class": "Chinese, FOOD",
                "Items sold": 1.0,
                "Total Sales": 8.99
            }
        },
        {
            "Location ID": "0abe0c6e-88b0-45a3-921c-bb9662eac0b8",
            "date": "2024-04-09",
            "data": {
                "Revenue Class": "Chinese, FOOD",
                "Items sold": 1.0,
                "Total Sales": 8.99
            }
        },
        {
            "Location ID": "0abe0c6e-88b0-45a3-921c-bb9662eac0b8",
            "date": "2024-01-19",
            "data": {
                "Revenue Class": "FOOD, South Indian",
                "Items sold": 1.0,
                "Total Sales": 8.99
            }
        },
        {
            "Location ID": "0abe0c6e-88b0-45a3-921c-bb9662eac0b8",
            "date": "2024-06-18",
            "data": {
                "Revenue Class": "FOOD, South Indian",
                "Items sold": 1.0,
                "Total Sales": 8.99
            }
        },
        {
            "Location ID": "0abe0c6e-88b0-45a3-921c-bb9662eac0b8",
            "date": "2024-02-05",
            "data": {
                "Revenue Class": "FOOD, South Indian",
                "Items sold": 0.0,
                "Total Sales": 8.99
            }
        },
        {
            "Location ID": "0abe0c6e-88b0-45a3-921c-bb9662eac0b8",
            "date": "2024-06-03",
            "data": {
                "Revenue Class": "FOOD, South Indian",
                "Items sold": 1.0,
                "Total Sales": 8.99
            }
        },
        {
            "Location ID": "0abe0c6e-88b0-45a3-921c-bb9662eac0b8",
            "date": "2024-06-20",
            "data": {
                "Revenue Class": "FOOD, South Indian",
                "Items sold": 1.0,
                "Total Sales": 8.99
            }
        },
        {
            "Location ID": "0abe0c6e-88b0-45a3-921c-bb9662eac0b8",
            "date": "2024-02-16",
            "data": {
                "Revenue Class": "GRIDDLE",
                "Items sold": 1.0,
                "Total Sales": 8.99
            }
        },
        {
            "Location ID": "0abe0c6e-88b0-45a3-921c-bb9662eac0b8",
            "date": "2024-02-26",
            "data": {
                "Revenue Class": "GRIDDLE",
                "Items sold": 1.0,
                "Total Sales": 8.99
            }
        },
        {
            "Location ID": "0abe0c6e-88b0-45a3-921c-bb9662eac0b8",
            "date": "2024-03-02",
            "data": {
                "Revenue Class": "FOOD",
                "Items sold": 4.0,
                "Total Sales": 8.0
            }
        },
        {
            "Location ID": "0abe0c6e-88b0-45a3-921c-bb9662eac0b8",
            "date": "2024-03-12",
            "data": {
                "Revenue Class": "FOOD",
                "Items sold": 4.0,
                "Total Sales": 8.0
            }
        },
        {
            "Location ID": "0abe0c6e-88b0-45a3-921c-bb9662eac0b8",
            "date": "2024-05-09",
            "data": {
                "Revenue Class": "FOOD",
                "Items sold": 4.0,
                "Total Sales": 8.0
            }
        },
        {
            "Location ID": "0abe0c6e-88b0-45a3-921c-bb9662eac0b8",
            "date": "2024-02-29",
            "data": {
                "Revenue Class": "FOOD",
                "Items sold": 4.0,
                "Total Sales": 8.0
            }
        },
        {
            "Location ID": "0abe0c6e-88b0-45a3-921c-bb9662eac0b8",
            "date": "2024-05-30",
            "data": {
                "Revenue Class": "Pantry, PANTRY",
                "Items sold": 1.0,
                "Total Sales": 6.99
            }
        },
        {
            "Location ID": "0abe0c6e-88b0-45a3-921c-bb9662eac0b8",
            "date": "2023-11-21",
            "data": {
                "Revenue Class": "Pantry, PANTRY",
                "Items sold": 1.0,
                "Total Sales": 6.99
            }
        },
        {
            "Location ID": "0abe0c6e-88b0-45a3-921c-bb9662eac0b8",
            "date": "2024-05-10",
            "data": {
                "Revenue Class": "Pantry, PANTRY",
                "Items sold": 1.0,
                "Total Sales": 6.99
            }
        },
        {
            "Location ID": "0abe0c6e-88b0-45a3-921c-bb9662eac0b8",
            "date": "2024-03-05",
            "data": {
                "Revenue Class": "FOOD",
                "Items sold": 3.0,
                "Total Sales": 6.0
            }
        },
        {
            "Location ID": "0abe0c6e-88b0-45a3-921c-bb9662eac0b8",
            "date": "2023-12-04",
            "data": {
                "Revenue Class": "Pantry, PANTRY",
                "Items sold": 1.0,
                "Total Sales": 6.0
            }
        },
        {
            "Location ID": "0abe0c6e-88b0-45a3-921c-bb9662eac0b8",
            "date": "2024-04-29",
            "data": {
                "Revenue Class": "Pantry, PANTRY",
                "Items sold": 1.0,
                "Total Sales": 6.0
            }
        },
        {
            "Location ID": "0abe0c6e-88b0-45a3-921c-bb9662eac0b8",
            "date": "2024-06-05",
            "data": {
                "Revenue Class": "Pantry, PANTRY",
                "Items sold": 1.0,
                "Total Sales": 6.0
            }
        },
        {
            "Location ID": "0abe0c6e-88b0-45a3-921c-bb9662eac0b8",
            "date": "2024-06-15",
            "data": {
                "Revenue Class": "Pantry, PANTRY",
                "Items sold": 1.0,
                "Total Sales": 6.0
            }
        },
        {
            "Location ID": "0abe0c6e-88b0-45a3-921c-bb9662eac0b8",
            "date": "2024-02-15",
            "data": {
                "Revenue Class": "Pantry, PANTRY",
                "Items sold": 1.0,
                "Total Sales": 5.99
            }
        },
        {
            "Location ID": "0abe0c6e-88b0-45a3-921c-bb9662eac0b8",
            "date": "2024-03-07",
            "data": {
                "Revenue Class": "FOOD",
                "Items sold": 2.0,
                "Total Sales": 4.0
            }
        },
        {
            "Location ID": "0abe0c6e-88b0-45a3-921c-bb9662eac0b8",
            "date": "2024-05-30",
            "data": {
                "Revenue Class": "FOOD",
                "Items sold": 0.0,
                "Total Sales": 0.0
            }
        },
        {
            "Location ID": "0abe0c6e-88b0-45a3-921c-bb9662eac0b8",
            "date": "2024-01-07",
            "data": {
                "Revenue Class": "FOOD",
                "Items sold": 0.0,
                "Total Sales": 0.0
            }
        },
        {
            "Location ID": "0abe0c6e-88b0-45a3-921c-bb9662eac0b8",
            "date": "2024-07-18",
            "data": {
                "Revenue Class": "Pantry, PANTRY",
                "Items sold": 0.0,
                "Total Sales": 0.0
            }
        }
    ],
    "Top Voided Items": [
        {
            "Location ID": "0abe0c6e-88b0-45a3-921c-bb9662eac0b8",
            "date": "2024-06-20",
            "data": {
                "name": "Papad",
                "void_items": 106.0
            }
        },
        {
            "Location ID": "0abe0c6e-88b0-45a3-921c-bb9662eac0b8",
            "date": "2023-12-11",
            "data": {
                "name": "Impossible Vegetable Laba",
                "void_items": 56.0
            }
        },
        {
            "Location ID": "0abe0c6e-88b0-45a3-921c-bb9662eac0b8",
            "date": "2024-06-14",
            "data": {
                "name": "Impossible Vegetable Laba",
                "void_items": 38.0
            }
        },
        {
            "Location ID": "0abe0c6e-88b0-45a3-921c-bb9662eac0b8",
            "date": "2024-04-26",
            "data": {
                "name": "Impossible Vegetable Laba",
                "void_items": 37.0
            }
        },
        {
            "Location ID": "0abe0c6e-88b0-45a3-921c-bb9662eac0b8",
            "date": "2024-02-05",
            "data": {
                "name": "Impossible Vegetable Laba",
                "void_items": 35.0
            }
        },
        {
            "Location ID": "0abe0c6e-88b0-45a3-921c-bb9662eac0b8",
            "date": "2023-11-27",
            "data": {
                "name": "Impossible Vegetable Laba",
                "void_items": 32.0
            }
        },
        {
            "Location ID": "0abe0c6e-88b0-45a3-921c-bb9662eac0b8",
            "date": "2024-06-03",
            "data": {
                "name": "Impossible Vegetable Laba",
                "void_items": 24.0
            }
        },
        {
            "Location ID": "0abe0c6e-88b0-45a3-921c-bb9662eac0b8",
            "date": "2024-06-20",
            "data": {
                "name": "Impossible Vegetable Laba",
                "void_items": 24.0
            }
        },
        {
            "Location ID": "0abe0c6e-88b0-45a3-921c-bb9662eac0b8",
            "date": "2024-05-21",
            "data": {
                "name": "Impossible Vegetable Laba",
                "void_items": 23.0
            }
        },
        {
            "Location ID": "0abe0c6e-88b0-45a3-921c-bb9662eac0b8",
            "date": "2023-11-28",
            "data": {
                "name": "Impossible Dosai",
                "void_items": 22.0
            }
        },
        {
            "Location ID": "0abe0c6e-88b0-45a3-921c-bb9662eac0b8",
            "date": "2023-12-01",
            "data": {
                "name": "Impossible Vegetable Laba",
                "void_items": 18.0
            }
        },
        {
            "Location ID": "0abe0c6e-88b0-45a3-921c-bb9662eac0b8",
            "date": "2024-02-02",
            "data": {
                "name": "Impossible Vegetable Laba",
                "void_items": 18.0
            }
        },
        {
            "Location ID": "0abe0c6e-88b0-45a3-921c-bb9662eac0b8",
            "date": "2024-07-18",
            "data": {
                "name": "Impossible Vegetable Laba",
                "void_items": 18.0
            }
        },
        {
            "Location ID": "0abe0c6e-88b0-45a3-921c-bb9662eac0b8",
            "date": "2024-02-01",
            "data": {
                "name": "Impossible Vegetable Laba",
                "void_items": 16.0
            }
        },
        {
            "Location ID": "0abe0c6e-88b0-45a3-921c-bb9662eac0b8",
            "date": "2024-01-04",
            "data": {
                "name": "Impossible Vegetable Laba",
                "void_items": 16.0
            }
        },
        {
            "Location ID": "0abe0c6e-88b0-45a3-921c-bb9662eac0b8",
            "date": "2024-06-19",
            "data": {
                "name": "Impossible Vegetable Laba",
                "void_items": 16.0
            }
        },
        {
            "Location ID": "0abe0c6e-88b0-45a3-921c-bb9662eac0b8",
            "date": "2024-04-22",
            "data": {
                "name": "Impossible Vegetable Laba",
                "void_items": 16.0
            }
        },
        {
            "Location ID": "0abe0c6e-88b0-45a3-921c-bb9662eac0b8",
            "date": "2024-06-04",
            "data": {
                "name": "Impossible Vegetable Laba",
                "void_items": 15.0
            }
        },
        {
            "Location ID": "0abe0c6e-88b0-45a3-921c-bb9662eac0b8",
            "date": "2024-01-02",
            "data": {
                "name": "Impossible Vegetable Laba",
                "void_items": 15.0
            }
        },
        {
            "Location ID": "0abe0c6e-88b0-45a3-921c-bb9662eac0b8",
            "date": "2023-12-04",
            "data": {
                "name": "Impossible Vegetable Laba",
                "void_items": 14.0
            }
        },
        {
            "Location ID": "0abe0c6e-88b0-45a3-921c-bb9662eac0b8",
            "date": "2024-05-29",
            "data": {
                "name": "Impossible Vegetable Laba",
                "void_items": 13.0
            }
        },
        {
            "Location ID": "0abe0c6e-88b0-45a3-921c-bb9662eac0b8",
            "date": "2024-03-13",
            "data": {
                "name": "Impossible Vegetable Laba",
                "void_items": 13.0
            }
        },
        {
            "Location ID": "0abe0c6e-88b0-45a3-921c-bb9662eac0b8",
            "date": "2024-04-18",
            "data": {
                "name": "Impossible Vegetable Laba",
                "void_items": 13.0
            }
        },
        {
            "Location ID": "0abe0c6e-88b0-45a3-921c-bb9662eac0b8",
            "date": "2024-04-02",
            "data": {
                "name": "Impossible Vegetable Laba",
                "void_items": 13.0
            }
        },
        {
            "Location ID": "0abe0c6e-88b0-45a3-921c-bb9662eac0b8",
            "date": "2024-01-30",
            "data": {
                "name": "Impossible Vegetable Laba",
                "void_items": 13.0
            }
        },
        {
            "Location ID": "0abe0c6e-88b0-45a3-921c-bb9662eac0b8",
            "date": "2024-01-03",
            "data": {
                "name": "Impossible Vegetable Laba",
                "void_items": 13.0
            }
        },
        {
            "Location ID": "0abe0c6e-88b0-45a3-921c-bb9662eac0b8",
            "date": "2024-04-26",
            "data": {
                "name": "Cream Of Vegetable Soup",
                "void_items": 12.0
            }
        },
        {
            "Location ID": "0abe0c6e-88b0-45a3-921c-bb9662eac0b8",
            "date": "2023-12-08",
            "data": {
                "name": "Ellu Murukku",
                "void_items": 12.0
            }
        },
        {
            "Location ID": "0abe0c6e-88b0-45a3-921c-bb9662eac0b8",
            "date": "2024-04-26",
            "data": {
                "name": "Impossible Veg Fried Rice",
                "void_items": 12.0
            }
        },
        {
            "Location ID": "0abe0c6e-88b0-45a3-921c-bb9662eac0b8",
            "date": "2024-01-17",
            "data": {
                "name": "Impossible Vegetable Laba",
                "void_items": 12.0
            }
        },
        {
            "Location ID": "0abe0c6e-88b0-45a3-921c-bb9662eac0b8",
            "date": "2023-12-12",
            "data": {
                "name": "Impossible Vegetable Laba",
                "void_items": 12.0
            }
        },
        {
            "Location ID": "0abe0c6e-88b0-45a3-921c-bb9662eac0b8",
            "date": "2023-12-12",
            "data": {
                "name": "Avacado Milkshake",
                "void_items": 11.0
            }
        },
        {
            "Location ID": "0abe0c6e-88b0-45a3-921c-bb9662eac0b8",
            "date": "2024-06-05",
            "data": {
                "name": "Impossible Vegetable Laba",
                "void_items": 11.0
            }
        },
        {
            "Location ID": "0abe0c6e-88b0-45a3-921c-bb9662eac0b8",
            "date": "2024-04-15",
            "data": {
                "name": "Impossible Vegetable Laba",
                "void_items": 11.0
            }
        },
        {
            "Location ID": "0abe0c6e-88b0-45a3-921c-bb9662eac0b8",
            "date": "2023-12-08",
            "data": {
                "name": "Andhra Muruku",
                "void_items": 10.0
            }
        },
        {
            "Location ID": "0abe0c6e-88b0-45a3-921c-bb9662eac0b8",
            "date": "2024-06-20",
            "data": {
                "name": "Dal Makhani",
                "void_items": 10.0
            }
        },
        {
            "Location ID": "0abe0c6e-88b0-45a3-921c-bb9662eac0b8",
            "date": "2024-06-06",
            "data": {
                "name": "Impossible Vegetable Laba",
                "void_items": 10.0
            }
        },
        {
            "Location ID": "0abe0c6e-88b0-45a3-921c-bb9662eac0b8",
            "date": "2023-11-27",
            "data": {
                "name": "Impossible Vegetable Omelette",
                "void_items": 10.0
            }
        },
        {
            "Location ID": "0abe0c6e-88b0-45a3-921c-bb9662eac0b8",
            "date": "2024-02-04",
            "data": {
                "name": "Medhu Vadai",
                "void_items": 10.0
            }
        },
        {
            "Location ID": "0abe0c6e-88b0-45a3-921c-bb9662eac0b8",
            "date": "2024-01-17",
            "data": {
                "name": "Impossible Schezwan Fried Rice",
                "void_items": 9.0
            }
        },
        {
            "Location ID": "0abe0c6e-88b0-45a3-921c-bb9662eac0b8",
            "date": "2024-02-26",
            "data": {
                "name": "Impossible Veg Fried Rice",
                "void_items": 9.0
            }
        },
        {
            "Location ID": "0abe0c6e-88b0-45a3-921c-bb9662eac0b8",
            "date": "2024-04-16",
            "data": {
                "name": "Impossible Vegetable Laba",
                "void_items": 9.0
            }
        },
        {
            "Location ID": "0abe0c6e-88b0-45a3-921c-bb9662eac0b8",
            "date": "2024-01-31",
            "data": {
                "name": "Impossible Vegetable Laba",
                "void_items": 9.0
            }
        },
        {
            "Location ID": "0abe0c6e-88b0-45a3-921c-bb9662eac0b8",
            "date": "2024-03-06",
            "data": {
                "name": "Impossible Vegetable Laba",
                "void_items": 9.0
            }
        },
        {
            "Location ID": "0abe0c6e-88b0-45a3-921c-bb9662eac0b8",
            "date": "2024-02-09",
            "data": {
                "name": "Impossible Vegetable Laba",
                "void_items": 9.0
            }
        },
        {
            "Location ID": "0abe0c6e-88b0-45a3-921c-bb9662eac0b8",
            "date": "2023-12-08",
            "data": {
                "name": "Ribbon Pakoda",
                "void_items": 9.0
            }
        },
        {
            "Location ID": "0abe0c6e-88b0-45a3-921c-bb9662eac0b8",
            "date": "2023-12-11",
            "data": {
                "name": "Green Tea",
                "void_items": 8.0
            }
        },
        {
            "Location ID": "0abe0c6e-88b0-45a3-921c-bb9662eac0b8",
            "date": "2024-02-20",
            "data": {
                "name": "Impossible Veg Fried Rice",
                "void_items": 8.0
            }
        },
        {
            "Location ID": "0abe0c6e-88b0-45a3-921c-bb9662eac0b8",
            "date": "2023-12-02",
            "data": {
                "name": "Impossible Vegetable Laba",
                "void_items": 8.0
            }
        },
        {
            "Location ID": "0abe0c6e-88b0-45a3-921c-bb9662eac0b8",
            "date": "2024-05-22",
            "data": {
                "name": "Impossible Vegetable Laba",
                "void_items": 8.0
            }
        },
        {
            "Location ID": "0abe0c6e-88b0-45a3-921c-bb9662eac0b8",
            "date": "2024-03-27",
            "data": {
                "name": "Impossible Vegetable Laba",
                "void_items": 8.0
            }
        },
        {
            "Location ID": "0abe0c6e-88b0-45a3-921c-bb9662eac0b8",
            "date": "2024-07-09",
            "data": {
                "name": "Impossible Vegetable Laba",
                "void_items": 8.0
            }
        },
        {
            "Location ID": "0abe0c6e-88b0-45a3-921c-bb9662eac0b8",
            "date": "2024-07-08",
            "data": {
                "name": "Impossible Vegetable Laba",
                "void_items": 8.0
            }
        },
        {
            "Location ID": "0abe0c6e-88b0-45a3-921c-bb9662eac0b8",
            "date": "2024-05-14",
            "data": {
                "name": "Impossible Vegetable Laba",
                "void_items": 8.0
            }
        },
        {
            "Location ID": "0abe0c6e-88b0-45a3-921c-bb9662eac0b8",
            "date": "2024-06-20",
            "data": {
                "name": "Paneer Pasanda",
                "void_items": 8.0
            }
        },
        {
            "Location ID": "0abe0c6e-88b0-45a3-921c-bb9662eac0b8",
            "date": "2024-02-05",
            "data": {
                "name": "Impossible Schezwan Fried Rice",
                "void_items": 7.0
            }
        },
        {
            "Location ID": "0abe0c6e-88b0-45a3-921c-bb9662eac0b8",
            "date": "2023-11-30",
            "data": {
                "name": "Impossible Veg Fried Rice",
                "void_items": 7.0
            }
        },
        {
            "Location ID": "0abe0c6e-88b0-45a3-921c-bb9662eac0b8",
            "date": "2024-01-29",
            "data": {
                "name": "Impossible Vegetable Laba",
                "void_items": 7.0
            }
        },
        {
            "Location ID": "0abe0c6e-88b0-45a3-921c-bb9662eac0b8",
            "date": "2024-04-07",
            "data": {
                "name": "Impossible Vegetable Laba",
                "void_items": 7.0
            }
        },
        {
            "Location ID": "0abe0c6e-88b0-45a3-921c-bb9662eac0b8",
            "date": "2023-12-14",
            "data": {
                "name": "Impossible Vegetable Laba",
                "void_items": 7.0
            }
        },
        {
            "Location ID": "0abe0c6e-88b0-45a3-921c-bb9662eac0b8",
            "date": "2023-12-21",
            "data": {
                "name": "Impossible Vegetable Laba",
                "void_items": 7.0
            }
        },
        {
            "Location ID": "0abe0c6e-88b0-45a3-921c-bb9662eac0b8",
            "date": "2024-02-08",
            "data": {
                "name": "Impossible Vegetable Laba",
                "void_items": 7.0
            }
        },
        {
            "Location ID": "0abe0c6e-88b0-45a3-921c-bb9662eac0b8",
            "date": "2023-12-12",
            "data": {
                "name": "Masala Tea",
                "void_items": 7.0
            }
        },
        {
            "Location ID": "0abe0c6e-88b0-45a3-921c-bb9662eac0b8",
            "date": "2024-01-17",
            "data": {
                "name": "Sweet Corn Veg. Soup",
                "void_items": 7.0
            }
        },
        {
            "Location ID": "0abe0c6e-88b0-45a3-921c-bb9662eac0b8",
            "date": "2023-12-28",
            "data": {
                "name": "Veg Clear Soup",
                "void_items": 7.0
            }
        },
        {
            "Location ID": "0abe0c6e-88b0-45a3-921c-bb9662eac0b8",
            "date": "2023-11-27",
            "data": {
                "name": "Impossible Schezwan Fried Rice",
                "void_items": 6.0
            }
        },
        {
            "Location ID": "0abe0c6e-88b0-45a3-921c-bb9662eac0b8",
            "date": "2024-03-13",
            "data": {
                "name": "Impossible Veg Fried Rice",
                "void_items": 6.0
            }
        },
        {
            "Location ID": "0abe0c6e-88b0-45a3-921c-bb9662eac0b8",
            "date": "2023-11-24",
            "data": {
                "name": "Impossible Vegetable Laba",
                "void_items": 6.0
            }
        },
        {
            "Location ID": "0abe0c6e-88b0-45a3-921c-bb9662eac0b8",
            "date": "2024-01-10",
            "data": {
                "name": "Impossible Vegetable Laba",
                "void_items": 6.0
            }
        },
        {
            "Location ID": "0abe0c6e-88b0-45a3-921c-bb9662eac0b8",
            "date": "2024-03-11",
            "data": {
                "name": "Impossible Vegetable Laba",
                "void_items": 6.0
            }
        },
        {
            "Location ID": "0abe0c6e-88b0-45a3-921c-bb9662eac0b8",
            "date": "2024-06-18",
            "data": {
                "name": "Impossible Vegetable Laba",
                "void_items": 6.0
            }
        },
        {
            "Location ID": "0abe0c6e-88b0-45a3-921c-bb9662eac0b8",
            "date": "2024-05-23",
            "data": {
                "name": "Impossible Vegetable Laba",
                "void_items": 6.0
            }
        },
        {
            "Location ID": "0abe0c6e-88b0-45a3-921c-bb9662eac0b8",
            "date": "2024-01-05",
            "data": {
                "name": "Impossible Vegetable Laba",
                "void_items": 6.0
            }
        },
        {
            "Location ID": "0abe0c6e-88b0-45a3-921c-bb9662eac0b8",
            "date": "2024-02-14",
            "data": {
                "name": "Impossible Vegetable Laba",
                "void_items": 6.0
            }
        },
        {
            "Location ID": "0abe0c6e-88b0-45a3-921c-bb9662eac0b8",
            "date": "2024-02-15",
            "data": {
                "name": "Impossible Vegetable Laba",
                "void_items": 6.0
            }
        },
        {
            "Location ID": "0abe0c6e-88b0-45a3-921c-bb9662eac0b8",
            "date": "2024-01-09",
            "data": {
                "name": "Impossible Vegetable Laba",
                "void_items": 6.0
            }
        },
        {
            "Location ID": "0abe0c6e-88b0-45a3-921c-bb9662eac0b8",
            "date": "2024-05-22",
            "data": {
                "name": "Impossible Vegetable Omelette",
                "void_items": 6.0
            }
        },
        {
            "Location ID": "0abe0c6e-88b0-45a3-921c-bb9662eac0b8",
            "date": "2024-01-17",
            "data": {
                "name": "Impossible Vegetable Omelette",
                "void_items": 6.0
            }
        },
        {
            "Location ID": "0abe0c6e-88b0-45a3-921c-bb9662eac0b8",
            "date": "2024-01-17",
            "data": {
                "name": "Parotta Kurma",
                "void_items": 6.0
            }
        },
        {
            "Location ID": "0abe0c6e-88b0-45a3-921c-bb9662eac0b8",
            "date": "2024-01-11",
            "data": {
                "name": "Veg Clear Soup",
                "void_items": 6.0
            }
        },
        {
            "Location ID": "0abe0c6e-88b0-45a3-921c-bb9662eac0b8",
            "date": "2023-12-01",
            "data": {
                "name": "Veg Clear Soup",
                "void_items": 6.0
            }
        },
        {
            "Location ID": "0abe0c6e-88b0-45a3-921c-bb9662eac0b8",
            "date": "2023-12-12",
            "data": {
                "name": "Chikku Milkshake",
                "void_items": 5.0
            }
        },
        {
            "Location ID": "0abe0c6e-88b0-45a3-921c-bb9662eac0b8",
            "date": "2024-01-30",
            "data": {
                "name": "Cream Of Vegetable Soup",
                "void_items": 5.0
            }
        },
        {
            "Location ID": "0abe0c6e-88b0-45a3-921c-bb9662eac0b8",
            "date": "2024-05-22",
            "data": {
                "name": "Hot & Sour Veg. Soup",
                "void_items": 5.0
            }
        },
        {
            "Location ID": "0abe0c6e-88b0-45a3-921c-bb9662eac0b8",
            "date": "2024-02-02",
            "data": {
                "name": "Impossible Dosai",
                "void_items": 5.0
            }
        },
        {
            "Location ID": "0abe0c6e-88b0-45a3-921c-bb9662eac0b8",
            "date": "2024-02-21",
            "data": {
                "name": "Impossible Veg Fried Rice",
                "void_items": 5.0
            }
        },
        {
            "Location ID": "0abe0c6e-88b0-45a3-921c-bb9662eac0b8",
            "date": "2023-11-24",
            "data": {
                "name": "Impossible Veg Fried Rice",
                "void_items": 5.0
            }
        },
        {
            "Location ID": "0abe0c6e-88b0-45a3-921c-bb9662eac0b8",
            "date": "2024-02-14",
            "data": {
                "name": "Impossible Veg Kothu Parotta",
                "void_items": 5.0
            }
        },
        {
            "Location ID": "0abe0c6e-88b0-45a3-921c-bb9662eac0b8",
            "date": "2024-01-11",
            "data": {
                "name": "Impossible Vegetable Laba",
                "void_items": 5.0
            }
        },
        {
            "Location ID": "0abe0c6e-88b0-45a3-921c-bb9662eac0b8",
            "date": "2024-02-13",
            "data": {
                "name": "Impossible Vegetable Laba",
                "void_items": 5.0
            }
        },
        {
            "Location ID": "0abe0c6e-88b0-45a3-921c-bb9662eac0b8",
            "date": "2024-02-11",
            "data": {
                "name": "Impossible Vegetable Laba",
                "void_items": 5.0
            }
        },
        {
            "Location ID": "0abe0c6e-88b0-45a3-921c-bb9662eac0b8",
            "date": "2023-12-11",
            "data": {
                "name": "Masala Tea",
                "void_items": 5.0
            }
        },
        {
            "Location ID": "0abe0c6e-88b0-45a3-921c-bb9662eac0b8",
            "date": "2024-01-17",
            "data": {
                "name": "Rava Kichadi",
                "void_items": 5.0
            }
        },
        {
            "Location ID": "0abe0c6e-88b0-45a3-921c-bb9662eac0b8",
            "date": "2024-06-20",
            "data": {
                "name": "Special Jack Fruit Biriyani - Saturday Lunch only",
                "void_items": 5.0
            }
        },
        {
            "Location ID": "0abe0c6e-88b0-45a3-921c-bb9662eac0b8",
            "date": "2024-05-22",
            "data": {
                "name": "Veg Clear Soup",
                "void_items": 5.0
            }
        },
        {
            "Location ID": "0abe0c6e-88b0-45a3-921c-bb9662eac0b8",
            "date": "2024-01-17",
            "data": {
                "name": "Chapati Kurma",
                "void_items": 4.0
            }
        },
        {
            "Location ID": "0abe0c6e-88b0-45a3-921c-bb9662eac0b8",
            "date": "2024-01-09",
            "data": {
                "name": "Cocktail Sambar Idli",
                "void_items": 4.0
            }
        },
        {
            "Location ID": "0abe0c6e-88b0-45a3-921c-bb9662eac0b8",
            "date": "2023-11-21",
            "data": {
                "name": "Cream Of Vegetable Soup",
                "void_items": 4.0
            }
        },
        {
            "Location ID": "0abe0c6e-88b0-45a3-921c-bb9662eac0b8",
            "date": "2023-11-23",
            "data": {
                "name": "Cream Of Vegetable Soup",
                "void_items": 4.0
            }
        },
        {
            "Location ID": "0abe0c6e-88b0-45a3-921c-bb9662eac0b8",
            "date": "2024-02-05",
            "data": {
                "name": "Idiyappam (Weekday Dinner and Weekends)",
                "void_items": 4.0
            }
        }
    ],
    "Top Cancel Reasons": [
        {
            "Location ID": "0abe0c6e-88b0-45a3-921c-bb9662eac0b8",
            "date": "2024-06-20",
            "data": {
                "cancel_rsn": "UNKNOWN",
                "void_items": 164.0
            }
        },
        {
            "Location ID": "0abe0c6e-88b0-45a3-921c-bb9662eac0b8",
            "date": "2023-12-11",
            "data": {
                "cancel_rsn": "UNKNOWN",
                "void_items": 96.0
            }
        },
        {
            "Location ID": "0abe0c6e-88b0-45a3-921c-bb9662eac0b8",
            "date": "2024-02-05",
            "data": {
                "cancel_rsn": "UNKNOWN",
                "void_items": 67.0
            }
        },
        {
            "Location ID": "0abe0c6e-88b0-45a3-921c-bb9662eac0b8",
            "date": "2024-04-26",
            "data": {
                "cancel_rsn": "UNKNOWN",
                "void_items": 66.0
            }
        },
        {
            "Location ID": "0abe0c6e-88b0-45a3-921c-bb9662eac0b8",
            "date": "2024-01-17",
            "data": {
                "cancel_rsn": "UNKNOWN",
                "void_items": 60.0
            }
        },
        {
            "Location ID": "0abe0c6e-88b0-45a3-921c-bb9662eac0b8",
            "date": "2023-11-27",
            "data": {
                "cancel_rsn": "UNKNOWN",
                "void_items": 59.0
            }
        },
        {
            "Location ID": "0abe0c6e-88b0-45a3-921c-bb9662eac0b8",
            "date": "2024-06-14",
            "data": {
                "cancel_rsn": "UNKNOWN",
                "void_items": 55.0
            }
        },
        {
            "Location ID": "0abe0c6e-88b0-45a3-921c-bb9662eac0b8",
            "date": "2023-12-08",
            "data": {
                "cancel_rsn": "UNKNOWN",
                "void_items": 53.0
            }
        },
        {
            "Location ID": "0abe0c6e-88b0-45a3-921c-bb9662eac0b8",
            "date": "2023-12-12",
            "data": {
                "cancel_rsn": "UNKNOWN",
                "void_items": 40.0
            }
        },
        {
            "Location ID": "0abe0c6e-88b0-45a3-921c-bb9662eac0b8",
            "date": "2023-12-01",
            "data": {
                "cancel_rsn": "UNKNOWN",
                "void_items": 33.0
            }
        },
        {
            "Location ID": "0abe0c6e-88b0-45a3-921c-bb9662eac0b8",
            "date": "2024-03-13",
            "data": {
                "cancel_rsn": "UNKNOWN",
                "void_items": 33.0
            }
        },
        {
            "Location ID": "0abe0c6e-88b0-45a3-921c-bb9662eac0b8",
            "date": "2023-11-28",
            "data": {
                "cancel_rsn": "UNKNOWN",
                "void_items": 30.0
            }
        },
        {
            "Location ID": "0abe0c6e-88b0-45a3-921c-bb9662eac0b8",
            "date": "2024-05-22",
            "data": {
                "cancel_rsn": "UNKNOWN",
                "void_items": 26.0
            }
        },
        {
            "Location ID": "0abe0c6e-88b0-45a3-921c-bb9662eac0b8",
            "date": "2024-01-05",
            "data": {
                "cancel_rsn": "UNKNOWN",
                "void_items": 25.0
            }
        },
        {
            "Location ID": "0abe0c6e-88b0-45a3-921c-bb9662eac0b8",
            "date": "2024-06-03",
            "data": {
                "cancel_rsn": "UNKNOWN",
                "void_items": 24.0
            }
        },
        {
            "Location ID": "0abe0c6e-88b0-45a3-921c-bb9662eac0b8",
            "date": "2024-05-21",
            "data": {
                "cancel_rsn": "UNKNOWN",
                "void_items": 23.0
            }
        },
        {
            "Location ID": "0abe0c6e-88b0-45a3-921c-bb9662eac0b8",
            "date": "2023-12-28",
            "data": {
                "cancel_rsn": "UNKNOWN",
                "void_items": 22.0
            }
        },
        {
            "Location ID": "0abe0c6e-88b0-45a3-921c-bb9662eac0b8",
            "date": "2024-01-02",
            "data": {
                "cancel_rsn": "UNKNOWN",
                "void_items": 22.0
            }
        },
        {
            "Location ID": "0abe0c6e-88b0-45a3-921c-bb9662eac0b8",
            "date": "2024-06-05",
            "data": {
                "cancel_rsn": "UNKNOWN",
                "void_items": 22.0
            }
        },
        {
            "Location ID": "0abe0c6e-88b0-45a3-921c-bb9662eac0b8",
            "date": "2024-01-01",
            "data": {
                "cancel_rsn": "UNKNOWN",
                "void_items": 21.0
            }
        },
        {
            "Location ID": "0abe0c6e-88b0-45a3-921c-bb9662eac0b8",
            "date": "2024-02-02",
            "data": {
                "cancel_rsn": "UNKNOWN",
                "void_items": 21.0
            }
        },
        {
            "Location ID": "0abe0c6e-88b0-45a3-921c-bb9662eac0b8",
            "date": "2024-03-06",
            "data": {
                "cancel_rsn": "UNKNOWN",
                "void_items": 19.0
            }
        },
        {
            "Location ID": "0abe0c6e-88b0-45a3-921c-bb9662eac0b8",
            "date": "2024-01-30",
            "data": {
                "cancel_rsn": "UNKNOWN",
                "void_items": 18.0
            }
        },
        {
            "Location ID": "0abe0c6e-88b0-45a3-921c-bb9662eac0b8",
            "date": "2024-02-01",
            "data": {
                "cancel_rsn": "UNKNOWN",
                "void_items": 18.0
            }
        },
        {
            "Location ID": "0abe0c6e-88b0-45a3-921c-bb9662eac0b8",
            "date": "2024-04-22",
            "data": {
                "cancel_rsn": "UNKNOWN",
                "void_items": 18.0
            }
        },
        {
            "Location ID": "0abe0c6e-88b0-45a3-921c-bb9662eac0b8",
            "date": "2024-01-09",
            "data": {
                "cancel_rsn": "UNKNOWN",
                "void_items": 16.0
            }
        },
        {
            "Location ID": "0abe0c6e-88b0-45a3-921c-bb9662eac0b8",
            "date": "2024-07-18",
            "data": {
                "cancel_rsn": "UNKNOWN",
                "void_items": 16.0
            }
        },
        {
            "Location ID": "0abe0c6e-88b0-45a3-921c-bb9662eac0b8",
            "date": "2024-04-07",
            "data": {
                "cancel_rsn": "UNKNOWN",
                "void_items": 15.0
            }
        },
        {
            "Location ID": "0abe0c6e-88b0-45a3-921c-bb9662eac0b8",
            "date": "2024-05-14",
            "data": {
                "cancel_rsn": "UNKNOWN",
                "void_items": 15.0
            }
        },
        {
            "Location ID": "0abe0c6e-88b0-45a3-921c-bb9662eac0b8",
            "date": "2023-12-04",
            "data": {
                "cancel_rsn": "UNKNOWN",
                "void_items": 13.0
            }
        },
        {
            "Location ID": "0abe0c6e-88b0-45a3-921c-bb9662eac0b8",
            "date": "2024-01-04",
            "data": {
                "cancel_rsn": "UNKNOWN",
                "void_items": 13.0
            }
        },
        {
            "Location ID": "0abe0c6e-88b0-45a3-921c-bb9662eac0b8",
            "date": "2024-04-02",
            "data": {
                "cancel_rsn": "UNKNOWN",
                "void_items": 13.0
            }
        },
        {
            "Location ID": "0abe0c6e-88b0-45a3-921c-bb9662eac0b8",
            "date": "2024-04-18",
            "data": {
                "cancel_rsn": "UNKNOWN",
                "void_items": 13.0
            }
        },
        {
            "Location ID": "0abe0c6e-88b0-45a3-921c-bb9662eac0b8",
            "date": "2024-05-29",
            "data": {
                "cancel_rsn": "UNKNOWN",
                "void_items": 13.0
            }
        },
        {
            "Location ID": "0abe0c6e-88b0-45a3-921c-bb9662eac0b8",
            "date": "2024-01-03",
            "data": {
                "cancel_rsn": "UNKNOWN",
                "void_items": 12.0
            }
        },
        {
            "Location ID": "0abe0c6e-88b0-45a3-921c-bb9662eac0b8",
            "date": "2024-01-08",
            "data": {
                "cancel_rsn": "UNKNOWN",
                "void_items": 12.0
            }
        },
        {
            "Location ID": "0abe0c6e-88b0-45a3-921c-bb9662eac0b8",
            "date": "2024-01-11",
            "data": {
                "cancel_rsn": "UNKNOWN",
                "void_items": 12.0
            }
        },
        {
            "Location ID": "0abe0c6e-88b0-45a3-921c-bb9662eac0b8",
            "date": "2024-01-12",
            "data": {
                "cancel_rsn": "UNKNOWN",
                "void_items": 12.0
            }
        },
        {
            "Location ID": "0abe0c6e-88b0-45a3-921c-bb9662eac0b8",
            "date": "2023-11-24",
            "data": {
                "cancel_rsn": "UNKNOWN",
                "void_items": 11.0
            }
        },
        {
            "Location ID": "0abe0c6e-88b0-45a3-921c-bb9662eac0b8",
            "date": "2024-01-04",
            "data": {
                "cancel_rsn": "DELIVERY ISSUES",
                "void_items": 11.0
            }
        },
        {
            "Location ID": "0abe0c6e-88b0-45a3-921c-bb9662eac0b8",
            "date": "2024-02-14",
            "data": {
                "cancel_rsn": "UNKNOWN",
                "void_items": 11.0
            }
        },
        {
            "Location ID": "0abe0c6e-88b0-45a3-921c-bb9662eac0b8",
            "date": "2024-04-15",
            "data": {
                "cancel_rsn": "UNKNOWN",
                "void_items": 11.0
            }
        },
        {
            "Location ID": "0abe0c6e-88b0-45a3-921c-bb9662eac0b8",
            "date": "2024-06-04",
            "data": {
                "cancel_rsn": "ORDER ENTRY ERROR",
                "void_items": 11.0
            }
        },
        {
            "Location ID": "0abe0c6e-88b0-45a3-921c-bb9662eac0b8",
            "date": "2023-12-07",
            "data": {
                "cancel_rsn": "UNKNOWN",
                "void_items": 10.0
            }
        },
        {
            "Location ID": "0abe0c6e-88b0-45a3-921c-bb9662eac0b8",
            "date": "2024-06-06",
            "data": {
                "cancel_rsn": "UNKNOWN",
                "void_items": 10.0
            }
        },
        {
            "Location ID": "0abe0c6e-88b0-45a3-921c-bb9662eac0b8",
            "date": "2024-07-18",
            "data": {
                "cancel_rsn": "CUSTOMER COMPLAINTS",
                "void_items": 10.0
            }
        },
        {
            "Location ID": "0abe0c6e-88b0-45a3-921c-bb9662eac0b8",
            "date": "2024-02-04",
            "data": {
                "cancel_rsn": "TWO",
                "void_items": 10.0
            }
        },
        {
            "Location ID": "0abe0c6e-88b0-45a3-921c-bb9662eac0b8",
            "date": "2023-11-21",
            "data": {
                "cancel_rsn": "UNKNOWN",
                "void_items": 9.0
            }
        },
        {
            "Location ID": "0abe0c6e-88b0-45a3-921c-bb9662eac0b8",
            "date": "2024-01-29",
            "data": {
                "cancel_rsn": "UNKNOWN",
                "void_items": 9.0
            }
        },
        {
            "Location ID": "0abe0c6e-88b0-45a3-921c-bb9662eac0b8",
            "date": "2024-02-20",
            "data": {
                "cancel_rsn": "UNKNOWN",
                "void_items": 9.0
            }
        },
        {
            "Location ID": "0abe0c6e-88b0-45a3-921c-bb9662eac0b8",
            "date": "2024-02-26",
            "data": {
                "cancel_rsn": "UNKNOWN",
                "void_items": 9.0
            }
        },
        {
            "Location ID": "0abe0c6e-88b0-45a3-921c-bb9662eac0b8",
            "date": "2024-04-16",
            "data": {
                "cancel_rsn": "UNKNOWN",
                "void_items": 9.0
            }
        },
        {
            "Location ID": "0abe0c6e-88b0-45a3-921c-bb9662eac0b8",
            "date": "2024-07-08",
            "data": {
                "cancel_rsn": "UNKNOWN",
                "void_items": 9.0
            }
        },
        {
            "Location ID": "0abe0c6e-88b0-45a3-921c-bb9662eac0b8",
            "date": "2024-07-09",
            "data": {
                "cancel_rsn": "UNKNOWN",
                "void_items": 9.0
            }
        },
        {
            "Location ID": "0abe0c6e-88b0-45a3-921c-bb9662eac0b8",
            "date": "2023-12-02",
            "data": {
                "cancel_rsn": "UNKNOWN",
                "void_items": 8.0
            }
        },
        {
            "Location ID": "0abe0c6e-88b0-45a3-921c-bb9662eac0b8",
            "date": "2024-01-09",
            "data": {
                "cancel_rsn": "CUSTOMER COMPLAINTS",
                "void_items": 8.0
            }
        },
        {
            "Location ID": "0abe0c6e-88b0-45a3-921c-bb9662eac0b8",
            "date": "2024-01-10",
            "data": {
                "cancel_rsn": "UNKNOWN",
                "void_items": 8.0
            }
        },
        {
            "Location ID": "0abe0c6e-88b0-45a3-921c-bb9662eac0b8",
            "date": "2024-03-27",
            "data": {
                "cancel_rsn": "UNKNOWN",
                "void_items": 8.0
            }
        },
        {
            "Location ID": "0abe0c6e-88b0-45a3-921c-bb9662eac0b8",
            "date": "2023-11-30",
            "data": {
                "cancel_rsn": "ITEMS NOT AVAILABLE",
                "void_items": 7.0
            }
        },
        {
            "Location ID": "0abe0c6e-88b0-45a3-921c-bb9662eac0b8",
            "date": "2023-12-14",
            "data": {
                "cancel_rsn": "UNKNOWN",
                "void_items": 7.0
            }
        },
        {
            "Location ID": "0abe0c6e-88b0-45a3-921c-bb9662eac0b8",
            "date": "2024-01-31",
            "data": {
                "cancel_rsn": "UNKNOWN",
                "void_items": 7.0
            }
        },
        {
            "Location ID": "0abe0c6e-88b0-45a3-921c-bb9662eac0b8",
            "date": "2024-02-05",
            "data": {
                "cancel_rsn": "MISSING ITEM",
                "void_items": 7.0
            }
        },
        {
            "Location ID": "0abe0c6e-88b0-45a3-921c-bb9662eac0b8",
            "date": "2024-02-08",
            "data": {
                "cancel_rsn": "UNKNOWN",
                "void_items": 7.0
            }
        },
        {
            "Location ID": "0abe0c6e-88b0-45a3-921c-bb9662eac0b8",
            "date": "2024-06-12",
            "data": {
                "cancel_rsn": "UNKNOWN",
                "void_items": 7.0
            }
        },
        {
            "Location ID": "0abe0c6e-88b0-45a3-921c-bb9662eac0b8",
            "date": "2024-06-18",
            "data": {
                "cancel_rsn": "UNKNOWN",
                "void_items": 7.0
            }
        },
        {
            "Location ID": "0abe0c6e-88b0-45a3-921c-bb9662eac0b8",
            "date": "2024-02-02",
            "data": {
                "cancel_rsn": "LATE PREPARATION",
                "void_items": 6.0
            }
        },
        {
            "Location ID": "0abe0c6e-88b0-45a3-921c-bb9662eac0b8",
            "date": "2024-02-04",
            "data": {
                "cancel_rsn": "UNKNOWN",
                "void_items": 6.0
            }
        },
        {
            "Location ID": "0abe0c6e-88b0-45a3-921c-bb9662eac0b8",
            "date": "2024-02-09",
            "data": {
                "cancel_rsn": "LATE PREPARATION",
                "void_items": 6.0
            }
        },
        {
            "Location ID": "0abe0c6e-88b0-45a3-921c-bb9662eac0b8",
            "date": "2024-02-15",
            "data": {
                "cancel_rsn": "UNKNOWN",
                "void_items": 6.0
            }
        },
        {
            "Location ID": "0abe0c6e-88b0-45a3-921c-bb9662eac0b8",
            "date": "2024-03-11",
            "data": {
                "cancel_rsn": "UNKNOWN",
                "void_items": 6.0
            }
        },
        {
            "Location ID": "0abe0c6e-88b0-45a3-921c-bb9662eac0b8",
            "date": "2024-05-23",
            "data": {
                "cancel_rsn": "UNKNOWN",
                "void_items": 6.0
            }
        },
        {
            "Location ID": "0abe0c6e-88b0-45a3-921c-bb9662eac0b8",
            "date": "2024-06-19",
            "data": {
                "cancel_rsn": "UNKNOWN",
                "void_items": 6.0
            }
        },
        {
            "Location ID": "0abe0c6e-88b0-45a3-921c-bb9662eac0b8",
            "date": "2024-06-19",
            "data": {
                "cancel_rsn": "RESTAURANT CLOSING TIME",
                "void_items": 6.0
            }
        },
        {
            "Location ID": "0abe0c6e-88b0-45a3-921c-bb9662eac0b8",
            "date": "2023-12-01",
            "data": {
                "cancel_rsn": "CUSTOMER COMPLAINTS",
                "void_items": 6.0
            }
        },
        {
            "Location ID": "0abe0c6e-88b0-45a3-921c-bb9662eac0b8",
            "date": "2023-12-21",
            "data": {
                "cancel_rsn": "UNKNOWN",
                "void_items": 5.0
            }
        },
        {
            "Location ID": "0abe0c6e-88b0-45a3-921c-bb9662eac0b8",
            "date": "2024-01-04",
            "data": {
                "cancel_rsn": "LATE PREPARATION",
                "void_items": 5.0
            }
        },
        {
            "Location ID": "0abe0c6e-88b0-45a3-921c-bb9662eac0b8",
            "date": "2024-01-07",
            "data": {
                "cancel_rsn": "MISSING ITEM",
                "void_items": 5.0
            }
        },
        {
            "Location ID": "0abe0c6e-88b0-45a3-921c-bb9662eac0b8",
            "date": "2024-01-07",
            "data": {
                "cancel_rsn": "UNKNOWN",
                "void_items": 5.0
            }
        },
        {
            "Location ID": "0abe0c6e-88b0-45a3-921c-bb9662eac0b8",
            "date": "2024-01-15",
            "data": {
                "cancel_rsn": "UNKNOWN",
                "void_items": 5.0
            }
        },
        {
            "Location ID": "0abe0c6e-88b0-45a3-921c-bb9662eac0b8",
            "date": "2024-01-16",
            "data": {
                "cancel_rsn": "CUSTOMER COMPLAINTS",
                "void_items": 5.0
            }
        },
        {
            "Location ID": "0abe0c6e-88b0-45a3-921c-bb9662eac0b8",
            "date": "2024-02-05",
            "data": {
                "cancel_rsn": "ITEMS NOT AVAILABLE",
                "void_items": 5.0
            }
        },
        {
            "Location ID": "0abe0c6e-88b0-45a3-921c-bb9662eac0b8",
            "date": "2024-02-11",
            "data": {
                "cancel_rsn": "UNKNOWN",
                "void_items": 5.0
            }
        },
        {
            "Location ID": "0abe0c6e-88b0-45a3-921c-bb9662eac0b8",
            "date": "2024-02-13",
            "data": {
                "cancel_rsn": "UNKNOWN",
                "void_items": 5.0
            }
        },
        {
            "Location ID": "0abe0c6e-88b0-45a3-921c-bb9662eac0b8",
            "date": "2024-02-21",
            "data": {
                "cancel_rsn": "UNKNOWN",
                "void_items": 5.0
            }
        },
        {
            "Location ID": "0abe0c6e-88b0-45a3-921c-bb9662eac0b8",
            "date": "2024-04-09",
            "data": {
                "cancel_rsn": "UNKNOWN",
                "void_items": 5.0
            }
        },
        {
            "Location ID": "0abe0c6e-88b0-45a3-921c-bb9662eac0b8",
            "date": "2023-11-23",
            "data": {
                "cancel_rsn": "UNKNOWN",
                "void_items": 4.0
            }
        },
        {
            "Location ID": "0abe0c6e-88b0-45a3-921c-bb9662eac0b8",
            "date": "2023-12-03",
            "data": {
                "cancel_rsn": "UNKNOWN",
                "void_items": 4.0
            }
        },
        {
            "Location ID": "0abe0c6e-88b0-45a3-921c-bb9662eac0b8",
            "date": "2023-12-17",
            "data": {
                "cancel_rsn": "UNKNOWN",
                "void_items": 4.0
            }
        },
        {
            "Location ID": "0abe0c6e-88b0-45a3-921c-bb9662eac0b8",
            "date": "2023-12-25",
            "data": {
                "cancel_rsn": "UNKNOWN",
                "void_items": 4.0
            }
        },
        {
            "Location ID": "0abe0c6e-88b0-45a3-921c-bb9662eac0b8",
            "date": "2024-01-31",
            "data": {
                "cancel_rsn": "LATE PREPARATION",
                "void_items": 4.0
            }
        },
        {
            "Location ID": "0abe0c6e-88b0-45a3-921c-bb9662eac0b8",
            "date": "2024-03-19",
            "data": {
                "cancel_rsn": "UNKNOWN",
                "void_items": 4.0
            }
        },
        {
            "Location ID": "0abe0c6e-88b0-45a3-921c-bb9662eac0b8",
            "date": "2024-03-28",
            "data": {
                "cancel_rsn": "UNKNOWN",
                "void_items": 4.0
            }
        },
        {
            "Location ID": "0abe0c6e-88b0-45a3-921c-bb9662eac0b8",
            "date": "2024-04-05",
            "data": {
                "cancel_rsn": "UNKNOWN",
                "void_items": 4.0
            }
        },
        {
            "Location ID": "0abe0c6e-88b0-45a3-921c-bb9662eac0b8",
            "date": "2024-05-03",
            "data": {
                "cancel_rsn": "UNKNOWN",
                "void_items": 4.0
            }
        },
        {
            "Location ID": "0abe0c6e-88b0-45a3-921c-bb9662eac0b8",
            "date": "2024-05-31",
            "data": {
                "cancel_rsn": "UNKNOWN",
                "void_items": 4.0
            }
        },
        {
            "Location ID": "0abe0c6e-88b0-45a3-921c-bb9662eac0b8",
            "date": "2024-06-19",
            "data": {
                "cancel_rsn": "CUSTOMER COMPLAINTS",
                "void_items": 4.0
            }
        },
        {
            "Location ID": "0abe0c6e-88b0-45a3-921c-bb9662eac0b8",
            "date": "2024-02-12",
            "data": {
                "cancel_rsn": "UNKNOWN",
                "void_items": 4.0
            }
        },
        {
            "Location ID": "0abe0c6e-88b0-45a3-921c-bb9662eac0b8",
            "date": "2024-06-04",
            "data": {
                "cancel_rsn": "UNKNOWN",
                "void_items": 4.0
            }
        },
        {
            "Location ID": "0abe0c6e-88b0-45a3-921c-bb9662eac0b8",
            "date": "2023-11-20",
            "data": {
                "cancel_rsn": "UNKNOWN",
                "void_items": 4.0
            }
        },
        {
            "Location ID": "0abe0c6e-88b0-45a3-921c-bb9662eac0b8",
            "date": "2024-06-26",
            "data": {
                "cancel_rsn": "UNKNOWN",
                "void_items": 4.0
            }
        }
    ],
    "Top Item Cancel Reasons": [
        {
            "location_id": "0abe0c6e-88b0-45a3-921c-bb9662eac0b8",
            "date": "2024-06-20",
            "data": {
                "name": "Papad",
                "cancel_rsn": "UNKNOWN",
                "void_items": 106.0
            }
        },
        {
            "location_id": "0abe0c6e-88b0-45a3-921c-bb9662eac0b8",
            "date": "2023-11-28",
            "data": {
                "name": "Impossible Dosai",
                "cancel_rsn": "UNKNOWN",
                "void_items": 22.0
            }
        },
        {
            "location_id": "0abe0c6e-88b0-45a3-921c-bb9662eac0b8",
            "date": "2024-04-26",
            "data": {
                "name": "Impossible Veg Fried Rice",
                "cancel_rsn": "UNKNOWN",
                "void_items": 12.0
            }
        },
        {
            "location_id": "0abe0c6e-88b0-45a3-921c-bb9662eac0b8",
            "date": "2023-12-12",
            "data": {
                "name": "Avacado Milkshake",
                "cancel_rsn": "UNKNOWN",
                "void_items": 11.0
            }
        },
        {
            "location_id": "0abe0c6e-88b0-45a3-921c-bb9662eac0b8",
            "date": "2024-04-26",
            "data": {
                "name": "Impossible Vegetable Laba",
                "cancel_rsn": "UNKNOWN",
                "void_items": 11.0
            }
        },
        {
            "location_id": "0abe0c6e-88b0-45a3-921c-bb9662eac0b8",
            "date": "2023-12-08",
            "data": {
                "name": "Ellu Murukku",
                "cancel_rsn": "UNKNOWN",
                "void_items": 11.0
            }
        },
        {
            "location_id": "0abe0c6e-88b0-45a3-921c-bb9662eac0b8",
            "date": "2023-12-01",
            "data": {
                "name": "Corn\u00a0&\u00a0Cheese\u00a0Sandwich",
                "cancel_rsn": "UNKNOWN",
                "void_items": 10.0
            }
        },
        {
            "location_id": "0abe0c6e-88b0-45a3-921c-bb9662eac0b8",
            "date": "2024-03-06",
            "data": {
                "name": "Corn\u00a0&\u00a0Cheese\u00a0Sandwich",
                "cancel_rsn": "UNKNOWN",
                "void_items": 10.0
            }
        },
        {
            "location_id": "0abe0c6e-88b0-45a3-921c-bb9662eac0b8",
            "date": "2024-03-13",
            "data": {
                "name": "Corn\u00a0&\u00a0Cheese\u00a0Sandwich",
                "cancel_rsn": "UNKNOWN",
                "void_items": 10.0
            }
        },
        {
            "location_id": "0abe0c6e-88b0-45a3-921c-bb9662eac0b8",
            "date": "2024-06-05",
            "data": {
                "name": "Corn\u00a0&\u00a0Cheese\u00a0Sandwich",
                "cancel_rsn": "UNKNOWN",
                "void_items": 10.0
            }
        },
        {
            "location_id": "0abe0c6e-88b0-45a3-921c-bb9662eac0b8",
            "date": "2024-06-14",
            "data": {
                "name": "Corn\u00a0&\u00a0Cheese\u00a0Sandwich",
                "cancel_rsn": "UNKNOWN",
                "void_items": 10.0
            }
        },
        {
            "location_id": "0abe0c6e-88b0-45a3-921c-bb9662eac0b8",
            "date": "2024-06-20",
            "data": {
                "name": "Dal Makhani",
                "cancel_rsn": "UNKNOWN",
                "void_items": 10.0
            }
        },
        {
            "location_id": "0abe0c6e-88b0-45a3-921c-bb9662eac0b8",
            "date": "2024-04-26",
            "data": {
                "name": "Impossible Vegetable Laba",
                "cancel_rsn": "UNKNOWN",
                "void_items": 10.0
            }
        },
        {
            "location_id": "0abe0c6e-88b0-45a3-921c-bb9662eac0b8",
            "date": "2023-11-27",
            "data": {
                "name": "Impossible Vegetable Laba",
                "cancel_rsn": "UNKNOWN",
                "void_items": 10.0
            }
        },
        {
            "location_id": "0abe0c6e-88b0-45a3-921c-bb9662eac0b8",
            "date": "2024-02-05",
            "data": {
                "name": "Medhu Vadai",
                "cancel_rsn": "TWO",
                "void_items": 10.0
            }
        },
        {
            "location_id": "0abe0c6e-88b0-45a3-921c-bb9662eac0b8",
            "date": "2024-07-18",
            "data": {
                "name": "Impossible Vegetable Laba",
                "cancel_rsn": "CUSTOMER COMPLAINTS",
                "void_items": 9.0
            }
        },
        {
            "location_id": "0abe0c6e-88b0-45a3-921c-bb9662eac0b8",
            "date": "2023-12-08",
            "data": {
                "name": "Andhra Muruku",
                "cancel_rsn": "UNKNOWN",
                "void_items": 9.0
            }
        },
        {
            "location_id": "0abe0c6e-88b0-45a3-921c-bb9662eac0b8",
            "date": "2023-11-27",
            "data": {
                "name": "Impossible Vegetable Omelette",
                "cancel_rsn": "UNKNOWN",
                "void_items": 9.0
            }
        },
        {
            "location_id": "0abe0c6e-88b0-45a3-921c-bb9662eac0b8",
            "date": "2024-06-20",
            "data": {
                "name": "Paneer Pasanda",
                "cancel_rsn": "UNKNOWN",
                "void_items": 8.0
            }
        },
        {
            "location_id": "0abe0c6e-88b0-45a3-921c-bb9662eac0b8",
            "date": "2023-12-08",
            "data": {
                "name": "Ribbon Pakoda",
                "cancel_rsn": "UNKNOWN",
                "void_items": 8.0
            }
        },
        {
            "location_id": "0abe0c6e-88b0-45a3-921c-bb9662eac0b8",
            "date": "2023-11-30",
            "data": {
                "name": "Impossible Veg Fried Rice",
                "cancel_rsn": "ITEMS NOT AVAILABLE",
                "void_items": 7.0
            }
        },
        {
            "location_id": "0abe0c6e-88b0-45a3-921c-bb9662eac0b8",
            "date": "2023-12-12",
            "data": {
                "name": "Masala Tea",
                "cancel_rsn": "UNKNOWN",
                "void_items": 7.0
            }
        },
        {
            "location_id": "0abe0c6e-88b0-45a3-921c-bb9662eac0b8",
            "date": "2023-12-28",
            "data": {
                "name": "Veg Clear Soup",
                "cancel_rsn": "UNKNOWN",
                "void_items": 7.0
            }
        },
        {
            "location_id": "0abe0c6e-88b0-45a3-921c-bb9662eac0b8",
            "date": "2024-01-17",
            "data": {
                "name": "Sweet Corn Veg. Soup",
                "cancel_rsn": "UNKNOWN",
                "void_items": 7.0
            }
        },
        {
            "location_id": "0abe0c6e-88b0-45a3-921c-bb9662eac0b8",
            "date": "2024-03-06",
            "data": {
                "name": "Impossible Vegetable Laba",
                "cancel_rsn": "UNKNOWN",
                "void_items": 7.0
            }
        },
        {
            "location_id": "0abe0c6e-88b0-45a3-921c-bb9662eac0b8",
            "date": "2024-04-26",
            "data": {
                "name": "Cream Of Vegetable Soup",
                "cancel_rsn": "UNKNOWN",
                "void_items": 7.0
            }
        },
        {
            "location_id": "0abe0c6e-88b0-45a3-921c-bb9662eac0b8",
            "date": "2024-01-17",
            "data": {
                "name": "Impossible Schezwan Fried Rice",
                "cancel_rsn": "UNKNOWN",
                "void_items": 7.0
            }
        },
        {
            "location_id": "0abe0c6e-88b0-45a3-921c-bb9662eac0b8",
            "date": "2024-01-12",
            "data": {
                "name": "Veg Clear Soup",
                "cancel_rsn": "UNKNOWN",
                "void_items": 6.0
            }
        },
        {
            "location_id": "0abe0c6e-88b0-45a3-921c-bb9662eac0b8",
            "date": "2024-01-17",
            "data": {
                "name": "Parotta Kurma",
                "cancel_rsn": "UNKNOWN",
                "void_items": 6.0
            }
        },
        {
            "location_id": "0abe0c6e-88b0-45a3-921c-bb9662eac0b8",
            "date": "2024-02-01",
            "data": {
                "name": "Impossible Vegetable Laba",
                "cancel_rsn": "UNKNOWN",
                "void_items": 6.0
            }
        },
        {
            "location_id": "0abe0c6e-88b0-45a3-921c-bb9662eac0b8",
            "date": "2024-02-08",
            "data": {
                "name": "Impossible Vegetable Laba",
                "cancel_rsn": "UNKNOWN",
                "void_items": 6.0
            }
        },
        {
            "location_id": "0abe0c6e-88b0-45a3-921c-bb9662eac0b8",
            "date": "2024-02-09",
            "data": {
                "name": "Impossible Vegetable Laba",
                "cancel_rsn": "LATE PREPARATION",
                "void_items": 6.0
            }
        },
        {
            "location_id": "0abe0c6e-88b0-45a3-921c-bb9662eac0b8",
            "date": "2024-02-15",
            "data": {
                "name": "Impossible Vegetable Laba",
                "cancel_rsn": "UNKNOWN",
                "void_items": 6.0
            }
        },
        {
            "location_id": "0abe0c6e-88b0-45a3-921c-bb9662eac0b8",
            "date": "2024-04-18",
            "data": {
                "name": "Impossible Vegetable Laba",
                "cancel_rsn": "UNKNOWN",
                "void_items": 6.0
            }
        },
        {
            "location_id": "0abe0c6e-88b0-45a3-921c-bb9662eac0b8",
            "date": "2024-05-21",
            "data": {
                "name": "Impossible Vegetable Laba",
                "cancel_rsn": "UNKNOWN",
                "void_items": 6.0
            }
        },
        {
            "location_id": "0abe0c6e-88b0-45a3-921c-bb9662eac0b8",
            "date": "2024-05-29",
            "data": {
                "name": "Impossible Vegetable Laba",
                "cancel_rsn": "UNKNOWN",
                "void_items": 6.0
            }
        },
        {
            "location_id": "0abe0c6e-88b0-45a3-921c-bb9662eac0b8",
            "date": "2024-05-29",
            "data": {
                "name": "Impossible Vegetable Laba",
                "cancel_rsn": "UNKNOWN",
                "void_items": 6.0
            }
        },
        {
            "location_id": "0abe0c6e-88b0-45a3-921c-bb9662eac0b8",
            "date": "2024-06-19",
            "data": {
                "name": "Impossible Vegetable Laba",
                "cancel_rsn": "RESTAURANT CLOSING TIME",
                "void_items": 6.0
            }
        },
        {
            "location_id": "0abe0c6e-88b0-45a3-921c-bb9662eac0b8",
            "date": "2024-06-20",
            "data": {
                "name": "Impossible Vegetable Laba",
                "cancel_rsn": "UNKNOWN",
                "void_items": 6.0
            }
        },
        {
            "location_id": "0abe0c6e-88b0-45a3-921c-bb9662eac0b8",
            "date": "2024-07-09",
            "data": {
                "name": "Impossible Vegetable Laba",
                "cancel_rsn": "UNKNOWN",
                "void_items": 6.0
            }
        },
        {
            "location_id": "0abe0c6e-88b0-45a3-921c-bb9662eac0b8",
            "date": "2024-01-17",
            "data": {
                "name": "Impossible Vegetable Omelette",
                "cancel_rsn": "UNKNOWN",
                "void_items": 6.0
            }
        },
        {
            "location_id": "0abe0c6e-88b0-45a3-921c-bb9662eac0b8",
            "date": "2023-12-01",
            "data": {
                "name": "Veg Clear Soup",
                "cancel_rsn": "CUSTOMER COMPLAINTS",
                "void_items": 6.0
            }
        },
        {
            "location_id": "0abe0c6e-88b0-45a3-921c-bb9662eac0b8",
            "date": "2023-12-12",
            "data": {
                "name": "Chikku Milkshake",
                "cancel_rsn": "UNKNOWN",
                "void_items": 5.0
            }
        },
        {
            "location_id": "0abe0c6e-88b0-45a3-921c-bb9662eac0b8",
            "date": "2023-12-12",
            "data": {
                "name": "Impossible Vegetable Laba",
                "cancel_rsn": "UNKNOWN",
                "void_items": 5.0
            }
        },
        {
            "location_id": "0abe0c6e-88b0-45a3-921c-bb9662eac0b8",
            "date": "2023-12-21",
            "data": {
                "name": "Impossible Vegetable Laba",
                "cancel_rsn": "UNKNOWN",
                "void_items": 5.0
            }
        },
        {
            "location_id": "0abe0c6e-88b0-45a3-921c-bb9662eac0b8",
            "date": "2024-01-02",
            "data": {
                "name": "Impossible Vegetable Laba",
                "cancel_rsn": "UNKNOWN",
                "void_items": 5.0
            }
        },
        {
            "location_id": "0abe0c6e-88b0-45a3-921c-bb9662eac0b8",
            "date": "2024-01-03",
            "data": {
                "name": "Impossible Vegetable Laba",
                "cancel_rsn": "UNKNOWN",
                "void_items": 5.0
            }
        },
        {
            "location_id": "0abe0c6e-88b0-45a3-921c-bb9662eac0b8",
            "date": "2024-01-04",
            "data": {
                "name": "Impossible Vegetable Laba",
                "cancel_rsn": "LATE PREPARATION",
                "void_items": 5.0
            }
        },
        {
            "location_id": "0abe0c6e-88b0-45a3-921c-bb9662eac0b8",
            "date": "2024-01-09",
            "data": {
                "name": "Impossible Vegetable Laba",
                "cancel_rsn": "UNKNOWN",
                "void_items": 5.0
            }
        },
        {
            "location_id": "0abe0c6e-88b0-45a3-921c-bb9662eac0b8",
            "date": "2024-01-17",
            "data": {
                "name": "Impossible Vegetable Laba",
                "cancel_rsn": "UNKNOWN",
                "void_items": 5.0
            }
        },
        {
            "location_id": "0abe0c6e-88b0-45a3-921c-bb9662eac0b8",
            "date": "2024-01-17",
            "data": {
                "name": "Rava Kichadi",
                "cancel_rsn": "UNKNOWN",
                "void_items": 5.0
            }
        },
        {
            "location_id": "0abe0c6e-88b0-45a3-921c-bb9662eac0b8",
            "date": "2024-01-30",
            "data": {
                "name": "Cream Of Vegetable Soup",
                "cancel_rsn": "UNKNOWN",
                "void_items": 5.0
            }
        },
        {
            "location_id": "0abe0c6e-88b0-45a3-921c-bb9662eac0b8",
            "date": "2024-01-30",
            "data": {
                "name": "Impossible Vegetable Laba",
                "cancel_rsn": "UNKNOWN",
                "void_items": 5.0
            }
        },
        {
            "location_id": "0abe0c6e-88b0-45a3-921c-bb9662eac0b8",
            "date": "2024-02-01",
            "data": {
                "name": "Impossible Vegetable Laba",
                "cancel_rsn": "UNKNOWN",
                "void_items": 5.0
            }
        },
        {
            "location_id": "0abe0c6e-88b0-45a3-921c-bb9662eac0b8",
            "date": "2024-02-05",
            "data": {
                "name": "Impossible Vegetable Laba",
                "cancel_rsn": "MISSING ITEM",
                "void_items": 5.0
            }
        },
        {
            "location_id": "0abe0c6e-88b0-45a3-921c-bb9662eac0b8",
            "date": "2024-02-12",
            "data": {
                "name": "Impossible Vegetable Laba",
                "cancel_rsn": "UNKNOWN",
                "void_items": 5.0
            }
        },
        {
            "location_id": "0abe0c6e-88b0-45a3-921c-bb9662eac0b8",
            "date": "2024-02-14",
            "data": {
                "name": "Impossible Vegetable Laba",
                "cancel_rsn": "UNKNOWN",
                "void_items": 5.0
            }
        },
        {
            "location_id": "0abe0c6e-88b0-45a3-921c-bb9662eac0b8",
            "date": "2024-02-14",
            "data": {
                "name": "Impossible Veg Kothu Parotta",
                "cancel_rsn": "UNKNOWN",
                "void_items": 5.0
            }
        },
        {
            "location_id": "0abe0c6e-88b0-45a3-921c-bb9662eac0b8",
            "date": "2024-02-20",
            "data": {
                "name": "Impossible Veg Fried Rice",
                "cancel_rsn": "UNKNOWN",
                "void_items": 5.0
            }
        },
        {
            "location_id": "0abe0c6e-88b0-45a3-921c-bb9662eac0b8",
            "date": "2024-02-21",
            "data": {
                "name": "Impossible Veg Fried Rice",
                "cancel_rsn": "UNKNOWN",
                "void_items": 5.0
            }
        },
        {
            "location_id": "0abe0c6e-88b0-45a3-921c-bb9662eac0b8",
            "date": "2024-02-26",
            "data": {
                "name": "Impossible Veg Fried Rice",
                "cancel_rsn": "UNKNOWN",
                "void_items": 5.0
            }
        },
        {
            "location_id": "0abe0c6e-88b0-45a3-921c-bb9662eac0b8",
            "date": "2024-03-13",
            "data": {
                "name": "Impossible Vegetable Laba",
                "cancel_rsn": "UNKNOWN",
                "void_items": 5.0
            }
        },
        {
            "location_id": "0abe0c6e-88b0-45a3-921c-bb9662eac0b8",
            "date": "2024-03-13",
            "data": {
                "name": "Impossible Veg Fried Rice",
                "cancel_rsn": "UNKNOWN",
                "void_items": 5.0
            }
        },
        {
            "location_id": "0abe0c6e-88b0-45a3-921c-bb9662eac0b8",
            "date": "2024-04-16",
            "data": {
                "name": "Impossible Vegetable Laba",
                "cancel_rsn": "UNKNOWN",
                "void_items": 5.0
            }
        },
        {
            "location_id": "0abe0c6e-88b0-45a3-921c-bb9662eac0b8",
            "date": "2024-04-26",
            "data": {
                "name": "Cream Of Vegetable Soup",
                "cancel_rsn": "UNKNOWN",
                "void_items": 5.0
            }
        },
        {
            "location_id": "0abe0c6e-88b0-45a3-921c-bb9662eac0b8",
            "date": "2024-05-14",
            "data": {
                "name": "Impossible Vegetable Laba",
                "cancel_rsn": "UNKNOWN",
                "void_items": 5.0
            }
        },
        {
            "location_id": "0abe0c6e-88b0-45a3-921c-bb9662eac0b8",
            "date": "2024-06-03",
            "data": {
                "name": "Impossible Vegetable Laba",
                "cancel_rsn": "UNKNOWN",
                "void_items": 5.0
            }
        },
        {
            "location_id": "0abe0c6e-88b0-45a3-921c-bb9662eac0b8",
            "date": "2024-06-05",
            "data": {
                "name": "Impossible Vegetable Laba",
                "cancel_rsn": "UNKNOWN",
                "void_items": 5.0
            }
        },
        {
            "location_id": "0abe0c6e-88b0-45a3-921c-bb9662eac0b8",
            "date": "2024-06-14",
            "data": {
                "name": "Impossible Vegetable Laba",
                "cancel_rsn": "UNKNOWN",
                "void_items": 5.0
            }
        },
        {
            "location_id": "0abe0c6e-88b0-45a3-921c-bb9662eac0b8",
            "date": "2024-06-14",
            "data": {
                "name": "Impossible Vegetable Laba",
                "cancel_rsn": "UNKNOWN",
                "void_items": 5.0
            }
        },
        {
            "location_id": "0abe0c6e-88b0-45a3-921c-bb9662eac0b8",
            "date": "2024-06-14",
            "data": {
                "name": "Impossible Vegetable Laba",
                "cancel_rsn": "UNKNOWN",
                "void_items": 5.0
            }
        },
        {
            "location_id": "0abe0c6e-88b0-45a3-921c-bb9662eac0b8",
            "date": "2024-06-14",
            "data": {
                "name": "Impossible Vegetable Laba",
                "cancel_rsn": "UNKNOWN",
                "void_items": 5.0
            }
        },
        {
            "location_id": "0abe0c6e-88b0-45a3-921c-bb9662eac0b8",
            "date": "2024-06-14",
            "data": {
                "name": "Impossible Vegetable Laba",
                "cancel_rsn": "UNKNOWN",
                "void_items": 5.0
            }
        },
        {
            "location_id": "0abe0c6e-88b0-45a3-921c-bb9662eac0b8",
            "date": "2024-06-18",
            "data": {
                "name": "Impossible Vegetable Laba",
                "cancel_rsn": "UNKNOWN",
                "void_items": 5.0
            }
        },
        {
            "location_id": "0abe0c6e-88b0-45a3-921c-bb9662eac0b8",
            "date": "2024-06-19",
            "data": {
                "name": "Impossible Vegetable Laba",
                "cancel_rsn": "UNKNOWN",
                "void_items": 5.0
            }
        },
        {
            "location_id": "0abe0c6e-88b0-45a3-921c-bb9662eac0b8",
            "date": "2024-06-20",
            "data": {
                "name": "Impossible Vegetable Laba",
                "cancel_rsn": "UNKNOWN",
                "void_items": 5.0
            }
        },
        {
            "location_id": "0abe0c6e-88b0-45a3-921c-bb9662eac0b8",
            "date": "2024-06-20",
            "data": {
                "name": "Special Jack Fruit Biriyani - Saturday Lunch only",
                "cancel_rsn": "UNKNOWN",
                "void_items": 5.0
            }
        },
        {
            "location_id": "0abe0c6e-88b0-45a3-921c-bb9662eac0b8",
            "date": "2024-07-08",
            "data": {
                "name": "Impossible Vegetable Laba",
                "cancel_rsn": "UNKNOWN",
                "void_items": 5.0
            }
        },
        {
            "location_id": "0abe0c6e-88b0-45a3-921c-bb9662eac0b8",
            "date": "2024-01-29",
            "data": {
                "name": "Impossible Vegetable Laba",
                "cancel_rsn": "UNKNOWN",
                "void_items": 5.0
            }
        },
        {
            "location_id": "0abe0c6e-88b0-45a3-921c-bb9662eac0b8",
            "date": "2024-05-22",
            "data": {
                "name": "Impossible Vegetable Laba",
                "cancel_rsn": "UNKNOWN",
                "void_items": 5.0
            }
        },
        {
            "location_id": "0abe0c6e-88b0-45a3-921c-bb9662eac0b8",
            "date": "2024-05-22",
            "data": {
                "name": "Impossible Vegetable Omelette",
                "cancel_rsn": "UNKNOWN",
                "void_items": 5.0
            }
        },
        {
            "location_id": "0abe0c6e-88b0-45a3-921c-bb9662eac0b8",
            "date": "2024-05-22",
            "data": {
                "name": "Hot & Sour Veg. Soup",
                "cancel_rsn": "UNKNOWN",
                "void_items": 5.0
            }
        },
        {
            "location_id": "0abe0c6e-88b0-45a3-921c-bb9662eac0b8",
            "date": "2024-05-22",
            "data": {
                "name": "Veg Clear Soup",
                "cancel_rsn": "UNKNOWN",
                "void_items": 5.0
            }
        },
        {
            "location_id": "0abe0c6e-88b0-45a3-921c-bb9662eac0b8",
            "date": "2024-04-02",
            "data": {
                "name": "Impossible Vegetable Laba",
                "cancel_rsn": "UNKNOWN",
                "void_items": 5.0
            }
        },
        {
            "location_id": "0abe0c6e-88b0-45a3-921c-bb9662eac0b8",
            "date": "2023-11-24",
            "data": {
                "name": "Impossible Veg Fried Rice",
                "cancel_rsn": "UNKNOWN",
                "void_items": 5.0
            }
        },
        {
            "location_id": "0abe0c6e-88b0-45a3-921c-bb9662eac0b8",
            "date": "2023-11-21",
            "data": {
                "name": "Cream Of Vegetable Soup",
                "cancel_rsn": "UNKNOWN",
                "void_items": 4.0
            }
        },
        {
            "location_id": "0abe0c6e-88b0-45a3-921c-bb9662eac0b8",
            "date": "2023-11-23",
            "data": {
                "name": "Cream Of Vegetable Soup",
                "cancel_rsn": "UNKNOWN",
                "void_items": 4.0
            }
        },
        {
            "location_id": "0abe0c6e-88b0-45a3-921c-bb9662eac0b8",
            "date": "2023-11-27",
            "data": {
                "name": "Impossible Vegetable Laba",
                "cancel_rsn": "UNKNOWN",
                "void_items": 4.0
            }
        },
        {
            "location_id": "0abe0c6e-88b0-45a3-921c-bb9662eac0b8",
            "date": "2023-11-27",
            "data": {
                "name": "Impossible Vegetable Laba",
                "cancel_rsn": "UNKNOWN",
                "void_items": 4.0
            }
        },
        {
            "location_id": "0abe0c6e-88b0-45a3-921c-bb9662eac0b8",
            "date": "2023-12-02",
            "data": {
                "name": "Impossible Vegetable Laba",
                "cancel_rsn": "UNKNOWN",
                "void_items": 4.0
            }
        },
        {
            "location_id": "0abe0c6e-88b0-45a3-921c-bb9662eac0b8",
            "date": "2023-12-02",
            "data": {
                "name": "Impossible Vegetable Laba",
                "cancel_rsn": "UNKNOWN",
                "void_items": 4.0
            }
        },
        {
            "location_id": "0abe0c6e-88b0-45a3-921c-bb9662eac0b8",
            "date": "2023-12-04",
            "data": {
                "name": "Impossible Vegetable Laba",
                "cancel_rsn": "UNKNOWN",
                "void_items": 4.0
            }
        },
        {
            "location_id": "0abe0c6e-88b0-45a3-921c-bb9662eac0b8",
            "date": "2023-12-11",
            "data": {
                "name": "Impossible Vegetable Laba",
                "cancel_rsn": "UNKNOWN",
                "void_items": 4.0
            }
        },
        {
            "location_id": "0abe0c6e-88b0-45a3-921c-bb9662eac0b8",
            "date": "2023-12-11",
            "data": {
                "name": "Impossible Vegetable Laba",
                "cancel_rsn": "UNKNOWN",
                "void_items": 4.0
            }
        },
        {
            "location_id": "0abe0c6e-88b0-45a3-921c-bb9662eac0b8",
            "date": "2023-12-11",
            "data": {
                "name": "Impossible Vegetable Laba",
                "cancel_rsn": "UNKNOWN",
                "void_items": 4.0
            }
        },
        {
            "location_id": "0abe0c6e-88b0-45a3-921c-bb9662eac0b8",
            "date": "2023-12-11",
            "data": {
                "name": "Impossible Vegetable Laba",
                "cancel_rsn": "UNKNOWN",
                "void_items": 4.0
            }
        },
        {
            "location_id": "0abe0c6e-88b0-45a3-921c-bb9662eac0b8",
            "date": "2023-12-11",
            "data": {
                "name": "Madras Filter Coffee",
                "cancel_rsn": "UNKNOWN",
                "void_items": 4.0
            }
        },
        {
            "location_id": "0abe0c6e-88b0-45a3-921c-bb9662eac0b8",
            "date": "2023-12-11",
            "data": {
                "name": "Green Tea",
                "cancel_rsn": "UNKNOWN",
                "void_items": 4.0
            }
        },
        {
            "location_id": "0abe0c6e-88b0-45a3-921c-bb9662eac0b8",
            "date": "2023-12-11",
            "data": {
                "name": "Masala Tea",
                "cancel_rsn": "UNKNOWN",
                "void_items": 4.0
            }
        },
        {
            "location_id": "0abe0c6e-88b0-45a3-921c-bb9662eac0b8",
            "date": "2023-12-11",
            "data": {
                "name": "Impossible Vegetable Laba",
                "cancel_rsn": "UNKNOWN",
                "void_items": 4.0
            }
        }
    ],
    "Least 20 Revenue Making Products": [
        {
            "Location ID": "0abe0c6e-88b0-45a3-921c-bb9662eac0b8",
            "date": "2024-02-26",
            "data": {
                "Product name": "Corn & Cheese Sandwich",
                "total_product_sales": 26000.0
            }
        },
        {
            "Location ID": "0abe0c6e-88b0-45a3-921c-bb9662eac0b8",
            "date": "2024-02-12",
            "data": {
                "Product name": "Corn\u00a0&\u00a0Cheese\u00a0Sandwich",
                "total_product_sales": 14000.0
            }
        },
        {
            "Location ID": "0abe0c6e-88b0-45a3-921c-bb9662eac0b8",
            "date": "2024-03-13",
            "data": {
                "Product name": "Corn & Cheese Sandwich",
                "total_product_sales": 13650.0
            }
        },
        {
            "Location ID": "0abe0c6e-88b0-45a3-921c-bb9662eac0b8",
            "date": "2024-02-15",
            "data": {
                "Product name": "Corn\u00a0&\u00a0Cheese\u00a0Sandwich",
                "total_product_sales": 12000.0
            }
        },
        {
            "Location ID": "0abe0c6e-88b0-45a3-921c-bb9662eac0b8",
            "date": "2024-06-14",
            "data": {
                "Product name": "Corn\u00a0&\u00a0Cheese\u00a0Sandwich",
                "total_product_sales": 8000.0
            }
        },
        {
            "Location ID": "0abe0c6e-88b0-45a3-921c-bb9662eac0b8",
            "date": "2023-12-11",
            "data": {
                "Product name": "Corn\u00a0&\u00a0Cheese\u00a0Sandwich",
                "total_product_sales": 7800.0
            }
        },
        {
            "Location ID": "0abe0c6e-88b0-45a3-921c-bb9662eac0b8",
            "date": "2024-06-12",
            "data": {
                "Product name": "Corn\u00a0&\u00a0Cheese\u00a0Sandwich",
                "total_product_sales": 6000.0
            }
        },
        {
            "Location ID": "0abe0c6e-88b0-45a3-921c-bb9662eac0b8",
            "date": "2024-02-13",
            "data": {
                "Product name": "Corn\u00a0&\u00a0Cheese\u00a0Sandwich",
                "total_product_sales": 6000.0
            }
        },
        {
            "Location ID": "0abe0c6e-88b0-45a3-921c-bb9662eac0b8",
            "date": "2024-02-14",
            "data": {
                "Product name": "Corn\u00a0&\u00a0Cheese\u00a0Sandwich",
                "total_product_sales": 6000.0
            }
        },
        {
            "Location ID": "0abe0c6e-88b0-45a3-921c-bb9662eac0b8",
            "date": "2023-12-01",
            "data": {
                "Product name": "Corn\u00a0&\u00a0Cheese\u00a0Sandwich",
                "total_product_sales": 6000.0
            }
        },
        {
            "Location ID": "0abe0c6e-88b0-45a3-921c-bb9662eac0b8",
            "date": "2024-06-05",
            "data": {
                "Product name": "Corn\u00a0&\u00a0Cheese\u00a0Sandwich",
                "total_product_sales": 6000.0
            }
        },
        {
            "Location ID": "0abe0c6e-88b0-45a3-921c-bb9662eac0b8",
            "date": "2023-11-27",
            "data": {
                "Product name": "Corn\u00a0&\u00a0Cheese\u00a0Sandwich",
                "total_product_sales": 6000.0
            }
        },
        {
            "Location ID": "0abe0c6e-88b0-45a3-921c-bb9662eac0b8",
            "date": "2024-02-05",
            "data": {
                "Product name": "Corn\u00a0&\u00a0Cheese\u00a0Sandwich",
                "total_product_sales": 4000.0
            }
        },
        {
            "Location ID": "0abe0c6e-88b0-45a3-921c-bb9662eac0b8",
            "date": "2024-01-16",
            "data": {
                "Product name": "Corn\u00a0&\u00a0Cheese\u00a0Sandwich",
                "total_product_sales": 4000.0
            }
        },
        {
            "Location ID": "0abe0c6e-88b0-45a3-921c-bb9662eac0b8",
            "date": "2024-02-12",
            "data": {
                "Product name": "Corn\u00a0&\u00a0Cheese\u00a0Sandwich",
                "total_product_sales": 4000.0
            }
        },
        {
            "Location ID": "0abe0c6e-88b0-45a3-921c-bb9662eac0b8",
            "date": "2024-02-09",
            "data": {
                "Product name": "Corn\u00a0&\u00a0Cheese\u00a0Sandwich",
                "total_product_sales": 4000.0
            }
        },
        {
            "Location ID": "0abe0c6e-88b0-45a3-921c-bb9662eac0b8",
            "date": "2023-12-04",
            "data": {
                "Product name": "Corn\u00a0&\u00a0Cheese\u00a0Sandwich",
                "total_product_sales": 4000.0
            }
        },
        {
            "Location ID": "0abe0c6e-88b0-45a3-921c-bb9662eac0b8",
            "date": "2024-01-31",
            "data": {
                "Product name": "Corn\u00a0&\u00a0Cheese\u00a0Sandwich",
                "total_product_sales": 4000.0
            }
        },
        {
            "Location ID": "0abe0c6e-88b0-45a3-921c-bb9662eac0b8",
            "date": "2023-12-02",
            "data": {
                "Product name": "Corn\u00a0&\u00a0Cheese\u00a0Sandwich",
                "total_product_sales": 4000.0
            }
        },
        {
            "Location ID": "0abe0c6e-88b0-45a3-921c-bb9662eac0b8",
            "date": "2024-04-09",
            "data": {
                "Product name": "Corn\u00a0&\u00a0Cheese\u00a0Sandwich",
                "total_product_sales": 4000.0
            }
        }
    ]
}